@online{url9dc81259,
    url = {http://www.realclearscience.com/blog/2013/04/antibiotic-protects-men-from-attractive-women.html}
}

@online{urlf09c509f,
    url = {http://www.ncbi.nlm.nih.gov/pubmed/21463817}
}

@online{url40af2369,
    url = {https://www.ncbi.nlm.nih.gov/pmc/articles/PMC5842464/}
}

@online{urlb5752daa,
    url = {http://www.ncbi.nlm.nih.gov/pmc/articles/PMC3218048/}
}

@online{url51c97c6a,
    url = {http://www.ncbi.nlm.nih.gov/pubmed/18513215}
}

@online{url1a244adb,
    url = {http://www.amazon.com/BulkSupplements-Caffeine-Anhydrous-Powder-Pharma/dp/B00B2D0XLU/}
}

@online{url440efc7d,
    url = {http://www.amazon.com/Aspirin-Powder-1-lb/dp/B003GC8LAA/}
}

@online{url037ce830,
    url = {http://www.ncbi.nlm.nih.gov/pubmed/10837842}
}

@online{urld250bef0,
    url = {http://www.nowfoods.com/Supplements/Products-by-Category/Free-Radical-Scavengers/Tocotrienols/Sun-E-400-60-Softgels.htm}
}

@online{url52559f5a,
    url = {http://www.paraseller.com/oemine/oemine-e-60-capsules-vitamines-e-naturelles-les-4-tocopherols-100-naturel/product_info.php/products_id/40163}
}

@online{url706be44d,
    url = {http://www.raypeatforum.com/forum/viewtopic.php?f=3&t=1949}
}

@online{url01737354,
    url = {http://purebulk.com/media/catalog/product/cache/1/image/9df78eab33525d08d6e5fb8d27136e95/v/i/vitamin_e_oil_1000iu.jpg}
}

@online{urled74284b,
    url = {http://www.toxinless.com/mixed-tocopherol-vitamin-e}
}

@online{url40515f6b,
    url = {http://www.ncbi.nlm.nih.gov/pubmed/23485446}
}

@online{url1747b2cd,
    url = {http://www.ncbi.nlm.nih.gov/pubmed/22866967}
}

@online{url6bf653b7,
    url = {http://www.ncbi.nlm.nih.gov/pubmed/18631321}
}

@online{urlb0204196,
    url = {http://www.peatarian.com/16595/112-year-old-man}
}

@online{url87b392ad,
    url = {http://stroke.ahajournals.org/content/36/8/1801.full}
}

@online{url861769d5,
    url = {http://stroke.ahajournals.org/content/29/5/885.full}
}

@online{url74f0bf42,
    url = {https://www.ncbi.nlm.nih.gov/pubmed/2735989}
}

@online{url2b65ff05,
    url = {https://raypeatforum.com/forums/posts/113077/}
}

@online{url941626fa,
    url = {http://www.livescience.com/32445-why-do-guys-get-sleepy-after-sex.html}
}

@online{url24c3c62f,
    url = {https://raypeatforum.com/forums/posts/113080/}
}

@online{urle4ab26fb,
    url = {http://www.ncbi.nlm.nih.gov/pubmed/6101294}
}

@online{urlfef7c1b6,
    url = {http://www.ncbi.nlm.nih.gov/pubmed/6125374}
}

@online{url76688979,
    url = {http://www.ncbi.nlm.nih.gov/pubmed/7913840}
}

@online{urlb1648fd1,
    url = {http://haidut.dyndns.org/synectics.zip}
}

@online{url9629a190,
    url = {http://www.toxinless.com/synectics.zip}
}

@online{urldebd3923,
    url = {http://news.sciencemag.org/health/2011/07/scienceshot-tall-people-more-likely-develop-cancer}
}

@online{url3f84d0a3,
    url = {http://www.thelancet.com/journals/lanonc/article/PIIS1470-2045(11)70154-1/abstract}
}

@online{urlbaf52316,
    url = {http://www.wolframalpha.com/input/?i=average+human+height}
}

@online{url9f181d72,
    url = {http://pranarupa.wordpress.com/2013/08/14/consciousness-morphogenetic-fields-regeneration-cancer-and-respiration-in-context/}
}

@online{url3e0cb9d0,
    url = {https://en.wikipedia.org/wiki/Mendelian_randomization}
}

@online{urlbb47a3ff,
    url = {http://www.sciencedaily.com/releases/2013/08/130813111730.htm}
}

@online{url682b3337,
    url = {https://raypeatforum.com/forums/posts/27636/}
}

@online{url0861c229,
    url = {http://www.ncbi.nlm.nih.gov/pubmed/23700248}
}

@online{urlbe5d23de,
    url = {http://jn.nutrition.org/content/133/10/3137.abstract?related-urls=yes&legid=nutrition;133/10/3137}
}

@online{urlffd697fb,
    url = {http://phys.org/news/2013-09-niacin-fountain-youth.html}
}

@online{urlcfca213a,
    url = {http://www.nature.com/nchembio/journal/vaop/ncurrent/full/nchembio.1352.html}
}

@online{url2a008d7f,
    url = {http://doctorsaredangerous.com/articles/dont_be_conned_by_the_resveratrol_scam.htm}
}

@online{urlabaae5fa,
    url = {http://www.howtoslowaging.com/tag/sirt-1/}
}

@online{url9a440376,
    url = {http://www5.uwm.edu/news/2013/10/17/light-as-medicine-uwm-researchers-explain-how/}
}

@online{urlecbd9eb2,
    url = {http://www.amazon.com/gp/product/B000HJ973K/ref=oh_details_o01_s00_i00?ie=UTF8&psc=1}
}

@online{url66b22ec6,
    url = {http://www.inductionlamps.com/medium-to-mogul-base-socket-adapter/?gclid=CL7Dn5PArroCFYqi4AodajsAsw}
}

@online{url561080b9,
    url = {http://www.1000bulbs.com/product/2431/IN-0500P35CL.html?utm_source=SmartFeedAmazonProductAds&utm_medium=Shopping&utm_term=IN0500P35CL&utm_content=LightBulbsIncandescentStandardLightBulbs500to1500WattIncandescentLightBulbs&utm_campaign=SmartFeedAmazonProductAds&thissku=IN777dash7770500P35CL&site=www.amazonproductads.com}
}

@online{url91c6e77d,
    url = {http://www.attictrunk.com/fe5013r40poa.html?cmp=pricegrabber&kw=fe5013r40poa}
}

@online{url8da9ef95,
    url = {http://kronportal.ru/forum/archive/index.php/t-16567.html}
}

@online{url74bee637,
    url = {http://www.ebay.co.uk/itm/PHILIPS-300W-250V-GES-E40-LAMP-BULB-CLEAR-/281071443215?pt=UK_Light_Bulbs&hash=item417129dd0f}
}

@online{url8a54d604,
    url = {http://www.lampco.co.uk/results.asp?section=Lamps&type=General+Lighting&volt=251V+and+above&watt=101-250W}
}

@online{url1cab0c0a,
    url = {http://www.ncbi.nlm.nih.gov/pubmed/23861280}
}

@online{url93c8d714,
    url = {http://casereports.bmj.com/content/2013/bcr-2013-009289.abstract}
}

@online{urlf36d21b3,
    url = {http://www.neurores.org/index.php/neurores/article/download/155/155}
}

@online{url12387ddf,
    url = {https://raypeatforum.com/forums/posts/98583/}
}

@online{url0d1ccbb4,
    url = {https://raypeatforum.com/community/threads/thiamine-is-a-carbonic-anhydrase-inhibitor-as-effective-as-acetazolamide.6833/}
}

@online{urlde674a8a,
    url = {https://raypeatforum.com/community/threads/acetazolamide-plus-thiamine-as-treatment-of-mental-conditions.6826/}
}

@online{url7f6be4af,
    url = {http://www.ncbi.nlm.nih.gov/pmc/articles/PMC3698477/}
}

@online{urle3122efd,
    url = {http://interactive.snm.org/docs/Caffeine Occuapncy of Human Cerebral A1 Adenosine Receptors.pdf}
}

@online{url19753bff,
    url = {http://tnation.t-nation.com/free_online_forum/sports_training_performance_bodybuilding_gear/everything_about_dnp_24dinitrophenol}
}

@online{url7127559b,
    url = {http://www.ncbi.nlm.nih.gov/pubmed/6832208}
}

@online{url765d7597,
    url = {http://www.ncbi.nlm.nih.gov/pubmed/11839447}
}

@online{urleeb4b5cc,
    url = {http://news.yale.edu/2015/02/26/yale-researchers-reverse-type-2-diabetes-and-fatty-liver-disease-rats}
}

@online{url38352e2a,
    url = {http://www.longecity.org/forum/topic/74292-vitamin-c-completely-enhances-caffeine-for-caffeine-sensitive-people-for-nootropic-effect/}
}

@online{url10e43280,
    url = {https://www.ncbi.nlm.nih.gov/pubmed/11590482}
}

@online{url09c3b6a6,
    url = {https://www.amazon.com/Dr-Clark-Vitamin-1000-capsules/dp/B004SOTIV6/ref=sr_1_1_a_it?ie=UTF8&qid=1486776648&sr=8-1&keywords=vitamin+c+no+filler}
}

@online{url7a098264,
    url = {http://www.longecity.org/forum/topic/54028-treating-anxiety-safely-effectively/}
}

@online{urlc2d966a3,
    url = {http://www.acu-cell.com/vitc.html}
}

@online{url323a1206,
    url = {http://en.wikipedia.org/wiki/Rat_Park}
}

@online{url868d4235,
    url = {http://www.happinessonline.org/BeTemperate/p13.htm}
}

@online{urlfba9cc9d,
    url = {http://www.stuartmcmillen.com/comics_en/rat-park/}
}

@online{urla648e85d,
    url = {http://globalizationofaddiction.ca/articles-speeches/148-addiction-the-view-from-rat-park.html}
}

@online{urle64249c2,
    url = {http://www.raypeatforum.com/forum/viewtopic.php?t=341}
}

@online{url33fe0274,
    url = {https://raypeatforum.com/forums/posts/37458/}
}

@online{url76e7ac5c,
    url = {https://raypeatforum.com/forums/posts/103901/}
}

@online{url18e1c74b,
    url = {https://raypeatforum.com/forums/posts/104016/}
}

@online{url152f2970,
    url = {https://raypeatforum.com/forums/posts/27166/}
}

@online{url6baa3d07,
    url = {https://raypeatforum.com/forums/posts/109569/}
}

@online{url35a7cae4,
    url = {http://psychcentral.com/news/2013/10/23/can-antihistamine-erase-bad-memories/61082.html}
}

@online{url3eb720e3,
    url = {http://www.pnas.org/content/early/2013/10/16/1314478110.full.pdf+html}
}

@online{urle3e1d483,
    url = {http://www.ncbi.nlm.nih.gov/pubmed/9606583}
}

@online{url4ebf5792,
    url = {http://www.ncbi.nlm.nih.gov/pubmed/10964879}
}

@online{urlfd33fdb8,
    url = {http://www.raypeatforum.com/forum/viewtopic.php?f=11&t=2248}
}

@online{url2f1853c6,
    url = {http://www.raypeatforum.com/forum/viewtopic.php?f=3&t=2508&p=31355}
}

@online{urlb70ffd50,
    url = {http://www.ncbi.nlm.nih.gov/pubmed/16407038}
}

@online{url23d5d383,
    url = {http://raypeat.com/articles/hormones/h1.shtml}
}

@online{urlbdca66f7,
    url = {http://www.raypeatforum.com/forum/viewtopic.php?f=68&t=1035&p=13904&hilit=benadryl}
}

@online{url0a876677,
    url = {https://raypeatforum.com/cdn-cgi/l/email-protection}
}

@online{urlae8947b4,
    url = {http://www.ncbi.nlm.nih.gov/pubmed/20139991}
}

@online{urld534a479,
    url = {http://www.ncbi.nlm.nih.gov/pubmed/22038827}
}

@online{urlfc529f89,
    url = {http://www.ncbi.nlm.nih.gov/m/pubmed/8242688/}
}

@online{urlb683f675,
    url = {http://www.precisionnutrition.com/coffee-and-hormones}
}

@online{urle309b3e2,
    url = {https://www.ncbi.nlm.nih.gov/pmc/articles/PMC2751993/}
}

@online{url8cb40828,
    url = {http://www.ncbi.nlm.nih.gov/pubmed/6794085}
}

@online{urlb7d14d1d,
    url = {http://www.ncbi.nlm.nih.gov/pubmed/10800950}
}

@online{url3d1ab9ae,
    url = {http://www.ncbi.nlm.nih.gov/pubmed/11958527}
}

@online{url694beebc,
    url = {http://www.ncbi.nlm.nih.gov/pubmed/10215890}
}

@online{url68403d4a,
    url = {http://en.wikipedia.org/wiki/Deferoxamine}
}

@online{url5f89539e,
    url = {http://raypeat.com/articles/articles/iron-dangers.shtml}
}

@online{urla2594b6d,
    url = {https://www.sciencedaily.com/releases/2008/01/080110085148.htm}
}

@online{url9984c93d,
    url = {http://www.ncbi.nlm.nih.gov/pubmed/22540893}
}

@online{url5667c108,
    url = {https://www.ncbi.nlm.nih.gov/pubmed/17389902}
}

@online{url9c8ba4fe,
    url = {https://en.wikipedia.org/wiki/Meta-Chlorophenylpiperazine}
}

@online{url19a0a50a,
    url = {https://www.ncbi.nlm.nih.gov/pubmed/28893581}
}

@online{urlab359994,
    url = {https://www.researchgate.net/publication/221883077_Essential_Role_of_Excessive_Tryptophan_and_its_Neurometabolites_in_Fatigue}
}

@online{url59706ed4,
    url = {https://www.ncbi.nlm.nih.gov/pmc/articles/PMC4334586/}
}

@online{url3c2cac8d,
    url = {http://www.jbc.org/content/291/2/652.long}
}

@online{url30c5f411,
    url = {https://www.ncbi.nlm.nih.gov/pmc/articles/PMC5398323/}
}

@online{url5706548d,
    url = {https://watermark.silverchair.com/17-6-917.pdf?token=AQECAHi208BE49Ooan9kkhW_Ercy7Dm3ZL_9Cf3qfKAc485ysgAAAkUwggJBBgkqhkiG9w0BBwagggIyMIICLgIBADCCAicGCSqGSIb3DQEHATAeBglghkgBZQMEAS4wEQQMJ0YvLDVRgED34QBzAgEQgIIB-J63hUMnY9V-yhFJlifEWNvz1k81gSkOqR5Iu-k4mrOSZ0-C9qgYH87FCPuuzrBKxCvErtvU_VZQZYQX8FqZHaqzu6sowRdRKa6QWiOWFoNLwE7sOYpjjRQscJ2o8Sa49Qtc4oAVxTDKH3gy6wT-lbYnpwo1xlyYW8hzHcghYu0SnVbW-Xf_M8htme2d6YOj5dC6SIUY3pK4BHAXXb9DJ4dO8KOZpyJM-l-nQFvVFHLEOYHKbIh7tFz-kJAADJWgKa7g8FtPsCW8h0p11OXBBh1J3tPzl6slwgj7UEg2UkwrFj20BlRjT7_Rxu2RUWx03pvnq8vwUuQm3jWwDkHX0Bshh-gIiAOgImzlM-enWJj9fa2pqTmDtR5Rt2501Wh_jHLUl4e8OEDYjobdwtnU58v2vcoTrK7-hlnpznhCEcv-4Mnsghc53rVSSp2fEJ1bECOsuHsLT4tCw6tcP4NicGJe8LMybcO8XpvyPXCIijf1ZDZr3kh9Og6LuBDar_dgE56wP0_ojVyXD3yZA_1Y5XKeH0ji9o16MbHUowkrAMjIliKl8oXtGKULPLMMFjHZoJkfZqaFDMyvuCIOougFR-FLmit0C2ake4y8Qd6XozOfkzmx77gEVWy0dy51KBLlk4luuWiXj3atUJs4_QRTVkrsCNm2gulOWQ}
}

@online{url6ab56d4e,
    url = {http://www.ncbi.nlm.nih.gov/pubmed/23379830}
}

@online{urle1e1bb65,
    url = {https://www.ncbi.nlm.nih.gov/pubmed/15705205}
}

@online{url40afdb37,
    url = {http://www.livestrong.com/article/367247-vitamin-b1-overdose-symptoms/}
}

@online{urlb30eda2f,
    url = {http://www.usmedicine.com/clinical-topics/oncology/could-niacin-megadoses-reduce-crohns-inflammation/}
}

@online{url7e51417a,
    url = {http://www.ncbi.nlm.nih.gov/pubmed/17942093}
}

@online{url2510def6,
    url = {https://raypeatforum.com/forums/posts/99782/}
}

@online{url9747e811,
    url = {http://www.ncbi.nlm.nih.gov/pubmed/15008515}
}

@online{url703a5f07,
    url = {http://www.ncbi.nlm.nih.gov/pmc/articles/PMC2853174/}
}

@online{urlb8888754,
    url = {http://www.ncbi.nlm.nih.gov/pubmed/23378457}
}

@online{url46f8daf3,
    url = {http://www.ncbi.nlm.nih.gov/pubmed/3696162}
}

@online{url0b8bc03b,
    url = {http://www.ncbi.nlm.nih.gov/pubmed/21911894}
}

@online{url48e5c2f3,
    url = {http://www.ncbi.nlm.nih.gov/pmc/articles/PMC2637808/}
}

@online{urld3474c6d,
    url = {http://www.ncbi.nlm.nih.gov/pubmed/19678780}
}

@online{url97e016cc,
    url = {http://www.ncbi.nlm.nih.gov/pubmed/21332098}
}

@online{urlddfb9f60,
    url = {http://www.ncbi.nlm.nih.gov/pmc/articles/PMC3814973/}
}

@online{url1a3190a0,
    url = {http://onlinelibrary.wiley.com/doi/10.1002/mnfr.201200131/abstract}
}

@online{url1e760ae1,
    url = {http://www.ncbi.nlm.nih.gov/pubmed/22692588}
}

@online{urla212abd2,
    url = {http://www.ncbi.nlm.nih.gov/books/NBK92775/}
}

@online{url24eee556,
    url = {http://www.ncbi.nlm.nih.gov/pmc/articles/PMC3763798/}
}

@online{url80c6cd2d,
    url = {http://www.ncbi.nlm.nih.gov/pubmed/21783839}
}

@online{url2712f433,
    url = {http://www.ncbi.nlm.nih.gov/pmc/articles/PMC4729342/}
}

@online{url9e96b6cc,
    url = {http://phenomena.nationalgeographic.com/2014/05/22/the-pain-of-aging/}
}

@online{url116ff0c8,
    url = {http://www.huffingtonpost.com/2014/05/23/pain-receptors-lifespan-mouse_n_5378301.html}
}

@online{url17040493,
    url = {http://www.ncbi.nlm.nih.gov/pubmed/22493457}
}

@online{url9a9a53fa,
    url = {https://www.hindawi.com/journals/ecam/2016/4973128/}
}

@online{url9a6c7b39,
    url = {https://www.ncbi.nlm.nih.gov/pmc/articles/PMC4936657/}
}

@online{url0be51d44,
    url = {https://journals.plos.org/plosone/article?id=10.1371/journal.pone.0049976}
}

@online{url9773481e,
    url = {https://dutchtest.com/}
}

@online{urlfd985307,
    url = {https://raypeatforum.com/community/attachments/15424/}
}

@online{urlf44fbd5b,
    url = {https://raypeatforum.com/community/attachments/15425/}
}

@online{url36585b5f,
    url = {http://arstechnica.com/science/2013/11/chilly-temperatures-foster-cancer-growth-in-mice/}
}

@online{url69a1d9b9,
    url = {http://www.pnas.org/content/early/2013/11/12/1304291110}
}

@online{url005d5ac3,
    url = {http://cgp.iiarjournals.org/content/10/4/169.full.pdf}
}

@online{url666d1402,
    url = {http://onlinelibrary.wiley.com/doi/10.1046/j.1432-1327.2001.02329.x/full}
}

@online{url4e633554,
    url = {http://www.nature.com/articles/ncomms3060}
}

@online{url06b314c3,
    url = {https://www.jstage.jst.go.jp/article/jphs1951/68/3/68_3_349/_pdf}
}

@online{url3ea4e74f,
    url = {http://www.kidney-international.org/article/S0085-2538(16)30057-6/pdf}
}

@online{url5c7188fc,
    url = {https://www.ncbi.nlm.nih.gov/pmc/articles/PMC6435462/}
}

@online{url03a5c097,
    url = {https://www.ncbi.nlm.nih.gov/pmc/articles/PMC4804402/}
}

@online{url74dc3bf9,
    url = {https://lpi.oregonstate.edu/mic/vitamins/thiamin}
}

@online{url05e2352a,
    url = {https://doi.org/10.1016/B978-0-444-81871-3.50009-6}
}

@online{url38e32ed6,
    url = {http://books.google.com/books?id=sm2ZySXTm7oC&pg=PA335&lpg=PA335&dq=purinoreceptor+caffeine&source=bl&ots=CZxiLNk1R9&sig=szC3TvpCxx0MlMdr82gwxemlkwI&hl=en&sa=X&ei=Y7FtUbY3s-_RAfm4gNAP&ved=0CFQQ6AEwBg}
}

@online{url272631d6,
    url = {http://onlinelibrary.wiley.com/doi/10.1002/hup.470040106/abstract}
}

@online{urleab11d87,
    url = {https://www.ncbi.nlm.nih.gov/pubmed/9231238}
}

@online{url4ea86119,
    url = {https://www.ncbi.nlm.nih.gov/pubmed/6467801}
}

@online{urlf6d8babc,
    url = {http://www.ncbi.nlm.nih.gov/pubmed/10721115}
}

@online{urlbbb9d37f,
    url = {http://www.ncbi.nlm.nih.gov/pubmed/11132729}
}

@online{urlaa710c58,
    url = {http://en.wikipedia.org/wiki/Serotonin}
}

@online{urldbe375fc,
    url = {http://books.google.com/books?id=nbR80wOZGz8C&pg=PT255&lpg=PT255&dq=tryptophan+is+not+an+essential+for+muscle+synthesis&source=bl&ots=CRlhzBR17h&sig=HYN46KmM4q2qpjDjiA8kPo1Yft8&hl=en&sa=X&ei=0ZGWUom4B6qtsQTmhYD4Ag&ved=0CDUQ6AEwAg}
}

@online{url9b23414b,
    url = {https://www.facebook.com/SuppVersity/posts/676373985728088}
}

@online{url4452ced0,
    url = {http://www.lotioncrafter.com/vitamin-e-mixed-tocopherols-95.html}
}

@online{urldeee8db6,
    url = {http://www.bulknaturaloils.com/Products/15864-bulk-mixed-tocopherols.aspx}
}

@online{urlc763cb69,
    url = {http://tkoskin.3dcartstores.com/Vitamin-E_p_57.html}
}

@online{urle6a9f46b,
    url = {http://www.nhrorganicoils.com/products.php?id=3687}
}

@online{url297995af,
    url = {Http://www.pharmacenter.ca}
}

@online{urlc0d1955c,
    url = {http://www.integratedhealth.com/hpdspec/tocotrienol.html}
}

@online{url38f0ce26,
    url = {http://www.raypeatforum.com/forum/viewtopic.php?t=188}
}

@online{url3ea47027,
    url = {http://www.amazon.com/gp/product/B0009X1P9S/}
}

@online{urlebdfbf27,
    url = {http://www.integratedhealth.com/super-e-400.html}
}

@online{url65286c09,
    url = {http://www.iherb.com/Solgar-Vitamin-E-400-IU-100-Softgels/9902}
}

@online{url6c94e34c,
    url = {http://www.ncbi.nlm.nih.gov/pmc/articles/PMC3200243/}
}

@online{urlf49d81f5,
    url = {http://www.oemine.fr/en/produits/oemine-e}
}

@online{url399dcec4,
    url = {http://www.avogel.co.uk/herbal-remedies/wheat-germ-oil-capsules/}
}

@online{url2c6d1fc4,
    url = {http://www.peatarian.com/15318/whats-the-ideal-way-to-produce-vitamin-e?show=15719}
}

@online{url568d139e,
    url = {https://circle.ubc.ca/handle/2429/43710}
}

@online{urlc40e57cf,
    url = {http://www.acgrace.com/how-is-unique-e-unique/}
}

@online{url6c152d44,
    url = {http://www.douglaslabs.com/pdf/pds/99703.pdf}
}

@online{url7ce13696,
    url = {http://www.raypeatforum.com/forum/viewtopic.php?p=1343}
}

@online{url5b750e7c,
    url = {http://www.camdengrey.com/essential-oils/t-50-natural-vitamin-e.html}
}

@online{urlc84b8a22,
    url = {http://www.vitacost.com/solgar-vitamin-e-liquid-2-fl-oz}
}

@online{url811e6cd1,
    url = {http://media.mercola.com/assets/pdf/product-labels/VitaminE-web.pdf}
}

@online{url42b5f1d2,
    url = {http://www.raypeatforum.com/forum/viewtopic.php?f=3&t=2116}
}

@online{urlbf95fa0c,
    url = {http://www.raypeatforum.com/forum/viewtopic.php?f=68&t=1035&p=24552}
}

@online{url4d87289e,
    url = {https://www.swansonvitamins.com/deva-vegan-vitamin-e-mixed-tocopherols-90-caps}
}

@online{url4d48cf86,
    url = {http://www.swansonvitamins.com/now-foods-sun-e-400-60-sgels}
}

@online{url683ff3ee,
    url = {https://www.swansonvitamins.com/swanson-ultra-maximum-strength-gamma-tocopherol-30-sgels}
}

@online{url83bb992d,
    url = {http://www.iherb.com/Life-Extension-Vitamin-E-400-IU-100-Softgels/47808}
}

@online{url94cad6e2,
    url = {http://www.toxinless.com/vitamin-e}
}

@online{url9a1bf162,
    url = {http://www.raypeatforum.com/forum/viewtopic.php?t=226}
}

@online{url5bc2f93c,
    url = {http://www.iherb.com/Solgar-Natural-Liquid-Vitamin-E-4-fl-oz-118-4-ml/9742}
}

@online{url4d1c6ca4,
    url = {http://www.procapslabs.com/Products/details.aspx?Ultimate+Gamma+Vitamin+E}
}

@online{url99dc3b02,
    url = {http://www.houseofnutrition.com/www-designsforhealth-vitamine-highgamma-delta-softgels60.html}
}

@online{urlcc980177,
    url = {http://www.nhrorganicoils.com/products.php?id=2916}
}

@online{url54b98d2c,
    url = {http://www.nhrorganicoils.com/uploads/20130109120144e_Vitamin_E.pdf}
}

@online{url3668bdc5,
    url = {http://us.cpoliquin.com/product_p/perfect e 3.0.htm}
}

@online{url343776e4,
    url = {http://www.enerex.ca/en/products/gamma-e?page=3}
}

@online{urle0b78737,
    url = {http://www.metagenics.com/mp/products/e-complex-11}
}

@online{url3543fca6,
    url = {http://www.bioticsresearch.com/node/1600}
}

@online{urla9789d86,
    url = {http://www.bioticsresearch.com/sites/default/files/productlabels/1008-Web2.pdf}
}

@online{urld3eec52d,
    url = {http://www.bioticsresearch.com/node/1599}
}

@online{urld393ebf5,
    url = {http://www.bioticsresearch.com/sites/default/files/productlabels/1015-web2_1.pdf}
}

@online{urlb2ac99b3,
    url = {http://www.professionalbrands.net/www-professionalbrands-netdouglaslabsnutri-e400forte60gels-html.html}
}

@online{url56640d10,
    url = {http://www.organictech.com/FoodNutritionalIngredients/Tocopherols.aspx}
}

@online{urlaebda625,
    url = {http://www.organictech.com/Portals/0/TC90G_TDS_02222013.pdf}
}

@online{url0e9f05eb,
    url = {http://www.amazon.com/Kirkland-Signature-Vitamin-Softgels-Bottle/dp/B002RL8FEI/ref=sr_1_10?s=hpc&ie=UTF8&qid=1381425680&sr=1-10&keywords=vitamin+e}
}

@online{url278f62dc,
    url = {http://www.amazon.com/Now-Foods-Advanced-Soft-gels-120-Count/dp/B0013HV8RI/ref=sr_1_15?s=hpc&ie=UTF8&qid=1381425680&sr=1-15&keywords=vitamin+e}
}

@online{url871436aa,
    url = {http://www.amazon.com/gp/product/B001FUP10S/ref=as_li_qf_sp_asin_il_tl?ie=UTF8&camp=1789&creative=9325&creativeASIN=B001FUP10S&linkCode=as2&tag=rapefo-20}
}

@online{url0d8f7960,
    url = {http://www.amazon.com/gp/product/B000FGWDTK/ref=as_li_qf_sp_asin_il_tl?ie=UTF8&camp=1789&creative=9325&creativeASIN=B000FGWDTK&linkCode=as2&tag=rapefo-20}
}

@online{url25549dd5,
    url = {http://www.lotioncrafter.com/vitamin-e-}
}

@online{url10c305ad,
    url = {http://www.bulknaturaloils.com/Products}
}

@online{url1004e711,
    url = {http://www.giprohealth.com/purevitamine.aspx}
}

@online{urlcba5af4e,
    url = {http://www.hsn.com/products/andrew-lessman-gamma-vitamin-e-30-capsules/6898946}
}

@online{url16b63604,
    url = {https://www.mountainroseherbs.com/products/vitamin-e-oil/profile}
}

@online{urlc973a727,
    url = {http://www.healthyorigins.com/mm5/merchant.mvc?Store_Code=healthyorigins&Screen=PROD&Product_Code=15149}
}

@online{url362baad9,
    url = {http://www.acgrace.com/unique-e-vitamin-e/unique-e-mixed-tocopherols-concentrate-120-softgels/}
}

@online{url9c884caf,
    url = {http://www.healthnatura.com/product-p/wholee4oz.htm}
}

@online{url42de385f,
    url = {http://www.toxinless.com/vitamin-e-health-natura-COA.pdf}
}

@online{urlade4e6b1,
    url = {http://www.farmalabor.it}
}

@online{url2e10acaf,
    url = {http://www.swansonvitamins.com/swanson-ultra-tocomin-suprabio-60-sgels}
}

@online{url3b9e1fc5,
    url = {https://www.consumerlab.com/reviews/vitamin_e_supplements_cream_oil_tocopherol/vitamine/PREVIEW/}
}

@online{url12500c80,
    url = {http://www.amazon.com/gp/aw/d/B00CS4CMX4/ref=mp_s_a_1_1_a_it?qid=1457581009&sr=8-1&keywords=life+extension+vitamin+e&pi=SY200_QL40}
}

@online{urlb8324a01,
    url = {http://www.amazon.com/dp/B000RI6LDA/?tag=rapefo-20}
}

@online{urlfc838c03,
    url = {http://www.idealabsdc.com/}
}

@online{urlef2fc632,
    url = {https://www.amazon.com/Solgar-Vitamin-Tocopherol-Tocopherols-Softgels/dp/B00029F5CM/ref=sxin_0_ac_d_rm?ac_md=0-0-c29sZ2FyIHZpdGFtaW4gZQ==-ac_d_rm&cv_ct_cx=solgar+vitamin+e&keywords=solgar+vitamin+e&pd_rd_i=B00029F5CM&pd_rd_r=c19204bd-27a2-43ea-beb9-621523434aa0&pd_rd_w=s06Ny&pd_rd_wg=fJip4&pf_rd_p=6d29ef56-fc35-411a-8a8e-7114f01518f7&pf_rd_r=Q34816DMWSVA7XMC7N8S&psc=1&qid=1578696320}
}

@online{url0a466cc8,
    url = {https://www.toxinless.com/vitamin-e}
}

@online{url2cbe7836,
    url = {https://xxlnutrition.com/gb/eng/xxl-nutrition/vitamine-e}
}

@online{url1c25016b,
    url = {https://shop.forefronthealth.com/collections/all/products/vitamin-e-complex}
}

@online{url9fae4304,
    url = {https://www.sigmaaldrich.com/}
}

@online{url37dde88d,
    url = {https://raypeatforum.com/community/posts/36616/}
}

@online{urla796e651,
    url = {http://link.springer.com/article/10.1007/BF00495544}
}

@online{url184a1ed6,
    url = {http://www.ncbi.nlm.nih.gov/pubmed/23170060}
}

@online{url622eee84,
    url = {http://www.ncbi.nlm.nih.gov/pmc/articles/PMC2994374/}
}

@online{urlb84ac0c4,
    url = {http://www.andrewkimblog.com/2013/11/preserving-brain-function-principles.html}
}

@online{urlbb1e7c66,
    url = {http://www.poliquingroup.com/ArticlesMultimedia/Articles/Article/782/Ten_Benefits_of_Taurine.aspx}
}

@online{urlcdc194c7,
    url = {https://raypeatforum.com/forums/posts/33953/}
}

@online{url762f3a72,
    url = {https://raypeatforum.com/forums/posts/119198/}
}

@online{url5da75cfa,
    url = {https://raypeatforum.com/forums/posts/119234/}
}

@online{url6c1a1b50,
    url = {https://www.ncbi.nlm.nih.gov/m/pubmed/31099157/?i=15&from=taurine}
}

@online{url12dba52b,
    url = {http://raypeat.com/articles/articles/co2.shtml}
}

@online{urlb3639382,
    url = {http://www.fastcompany.com/3021694/this-scientific-discovery-could-lead-to-the-fountain-of-youth}
}

@online{urld8021be2,
    url = {http://www.sciencedaily.com/releases/2012/08/120815082709.htm}
}

@online{url7d6715ab,
    url = {http://www.nature.com/tp/journal/v2/n8/full/tp201277a.html}
}

@online{url413ec5c2,
    url = {http://www.ncbi.nlm.nih.gov/pubmed/16262207}
}

@online{urla96f726e,
    url = {http://jnci.oxfordjournals.org/content/early/2013/11/11/jnci.djt315.full}
}

@online{urlb922c0be,
    url = {http://cancerres.aacrjournals.org/content/2/11/752.full.pdf}
}

@online{url10bf6837,
    url = {https://en.wikipedia.org/wiki/Dimethylglycine}
}

@online{url7635b5ca,
    url = {https://en.wikipedia.org/wiki/Acetylcholine}
}

@online{url6b1c7cd3,
    url = {https://en.wikipedia.org/wiki/Essential_nutrient}
}

@online{urldff3a113,
    url = {https://en.wikipedia.org/wiki/Methionine}
}

@online{url628a3410,
    url = {https://en.wikipedia.org/wiki/Folate}
}

@online{url343a7894,
    url = {https://en.wikipedia.org/wiki/Lecithin}
}

@online{urlbd7817a6,
    url = {https://en.wikipedia.org/wiki/Inositol}
}

@online{urlc5f6ea02,
    url = {http://onlinelibrary.wiley.com/doi/10.1111/j.1365-2133.2011.10335.x/abstract;jsessionid=6A6750E0424E6ADA0F1A56918B6EB621.f02t03?userIsAuthenticated=false&deniedAccessCustomisedMessage=}
}

@online{urlda5eaa0b,
    url = {https://raypeatforum.com/community/threads/lidocaine-demethylates-dna.4239/}
}

@online{url65020a27,
    url = {http://www.achilleshealthmart.com/GH3/gh3.html}
}

@online{url23845794,
    url = {http://fourhourworkweek.com/2011/01/16/spot-reduction-revisited-removing-stubborn-thigh-fat/}
}

@online{url02514609,
    url = {http://www.totalityofbeing.com/FramelessPages/Articles/BreastShape.htm}
}

@online{url04cc78c4,
    url = {http://www.ncbi.nlm.nih.gov/pubmed/15460980}
}

@online{url474ee923,
    url = {https://raypeatforum.com/community/threads/achilles-heel-of-cancer-found-its-addiction-to-fat.10537/}
}

@online{urlb14617d3,
    url = {https://www.theatlantic.com/health/archive/2017/08/b12-energy/537654/?utm_source=aofb}
}

@online{url7d9669e2,
    url = {http://nutrition.healthgrove.com/l/44397/Lamb-Liver}
}

@online{url839ee53e,
    url = {https://raypeatforum.com/community/threads/b5-helped-with-my-mental-fuzziness.4397/}
}

@online{url9358e3d8,
    url = {https://www.ncbi.nlm.nih.gov/pubmed/10646653}
}

@online{url00b58f63,
    url = {https://www.ncbi.nlm.nih.gov/pmc/articles/PMC4506708/}
}

@online{url8d6156b0,
    url = {https://pubs.acs.org/doi/pdf/10.1021/bi00430a038}
}

@online{urlbc77c097,
    url = {http://www.ncbi.nlm.nih.gov/pubmed/7016402}
}

@online{urlef0da9c3,
    url = {http://suppversity.blogspot.com/2012/07/up-to-180-increase-in-testosterone-w.html}
}

@online{url4b4ba149,
    url = {http://www.swansonvitamins.com/swanson-ultra-pure-caprotein-premium-goat-milk-protein-vanilla-16-23-oz-460-grams-pwdr}
}

@online{url6d1157eb,
    url = {http://www.mtcapra.com/data-sheets/caprotein.pdf}
}

@online{urld40fb28b,
    url = {http://www.ncbi.nlm.nih.gov/pubmed/20889128}
}

@online{urle942a822,
    url = {http://www.monbiot.com/2011/08/29/the-lairds-of-learning/}
}

@online{urlff44bfe7,
    url = {http://www.ncbi.nlm.nih.gov/pmc/articles/PMC3156598/}
}

@online{urlcff07d69,
    url = {http://proteinfactory.com/shop/home.php}
}

@online{urlb068b0c8,
    url = {http://www.ncbi.nlm.nih.gov/pubmed/17513421}
}

@online{url1feb67bb,
    url = {http://www.nature.com/ncomms/2014/140521/ncomms4925/fig_tab/ncomms4925_F1.html}
}

@online{url524dd187,
    url = {http://www.ncbi.nlm.nih.gov/pubmed/3711333}
}

@online{urld09705f1,
    url = {http://www.nutrivitashop.com/brchamacbcfr.html}
}

@online{url2e59391d,
    url = {http://en.wikipedia.org/wiki/Tyrosine#Metabolism}
}

@online{url3fe891ba,
    url = {http://suppversity.blogspot.ie/2012/11/chronic-high-dose-bcaa-supplementation.html}
}

@online{url19d5c304,
    url = {http://www.swansonvitamins.com/swanson-ultra-ibcaa-plus-instantized-branched-chain-amino-acids-12-oz-340-grams-pwdr}
}

@online{urlfd323c4e,
    url = {http://www.iherb.com/Bluebonnet-Nutrition-BCAAs-Branch-Chain-Amino-Acids-120-Vcaps/24134}
}

@online{urle8ddabd6,
    url = {https://www.swansonvitamins.com/swanson-ultra-ajipure-branched-chain-amino-acids-pharmaceutical-grade-90-veg-caps}
}

@online{urlb459f6a6,
    url = {https://www.swansonvitamins.com/swanson-ultra-ajipure-glycine-powder-pharmaceutical-grade-8-oz-227-grams-pwdr}
}

@online{url3b5a80a7,
    url = {https://www.ajipure.com/web/products/fusibcaa.aspx}
}

@online{url59a9799e,
    url = {https://raypeatforum.com/forums/posts/37743/}
}

@online{urld1ffd942,
    url = {http://chemistry.about.com/od/imagesclipartstructures/ig/Amino-Acid-Structures/Tryptophan.-0uk.htm}
}

@online{url692ffb4e,
    url = {https://raypeatforum.com/forums/posts/50769/}
}

@online{url3a1f2499,
    url = {https://raypeatforum.com/forums/posts/103978/}
}

@online{url3ff8d42c,
    url = {https://raypeatforum.com/forums/posts/104000/}
}

@online{url2fc8dc69,
    url = {https://raypeatforum.com/forums/posts/104297/}
}

@online{url18e933c4,
    url = {https://raypeatforum.com/forums/posts/115742/}
}

@online{url6a2ce3ff,
    url = {https://www.youtube.com/watch?v=1VZlKSBtu2g}
}

@online{urlece3e5cc,
    url = {https://www.ncbi.nlm.nih.gov/pubmed/28640216}
}

@online{urlca2ef136,
    url = {https://www.ncbi.nlm.nih.gov/pubmed/?term=Goffredo M[Author]&cauthor=true&cauthor_uid=28640216}
}

@online{urlb4ff93c8,
    url = {https://www.ncbi.nlm.nih.gov/pubmed/?term=Santoro N[Author]&cauthor=true&cauthor_uid=28640216}
}

@online{urle265f251,
    url = {https://www.ncbi.nlm.nih.gov/pubmed/?term=Tricò D[Author]&cauthor=true&cauthor_uid=28640216}
}

@online{url823ea1d6,
    url = {https://www.ncbi.nlm.nih.gov/pubmed/?term=Giannini C[Author]&cauthor=true&cauthor_uid=28640216}
}

@online{urlf0763949,
    url = {https://www.ncbi.nlm.nih.gov/pubmed/?term=D'Adamo E[Author]&cauthor=true&cauthor_uid=28640216}
}

@online{urld797d75c,
    url = {https://www.ncbi.nlm.nih.gov/pubmed/?term=Zhao H[Author]&cauthor=true&cauthor_uid=28640216}
}

@online{url5bc4ecfa,
    url = {https://www.ncbi.nlm.nih.gov/pubmed/?term=Peng G[Author]&cauthor=true&cauthor_uid=28640216}
}

@online{urldda68aa0,
    url = {https://www.ncbi.nlm.nih.gov/pubmed/?term=Yu X[Author]&cauthor=true&cauthor_uid=28640216}
}

@online{url322b0505,
    url = {https://www.ncbi.nlm.nih.gov/pubmed/?term=Lam TT[Author]&cauthor=true&cauthor_uid=28640216}
}

@online{url0b6f10dd,
    url = {https://www.ncbi.nlm.nih.gov/pubmed/?term=Pierpont B[Author]&cauthor=true&cauthor_uid=28640216}
}

@online{url6236441f,
    url = {https://www.ncbi.nlm.nih.gov/pubmed/?term=Caprio S[Author]&cauthor=true&cauthor_uid=28640216}
}

@online{url896f9b0c,
    url = {https://www.ncbi.nlm.nih.gov/pubmed/?term=Herzog RI[Author]&cauthor=true&cauthor_uid=28640216}
}

@online{urla093c200,
    url = {https://www.ncbi.nlm.nih.gov/pubmed/28632135}
}

@online{url8bf6c012,
    url = {https://www.ncbi.nlm.nih.gov/pubmed/?term=Ishikawa T[Author]&cauthor=true&cauthor_uid=28632135}
}

@online{url54c0232b,
    url = {https://www.ncbi.nlm.nih.gov/pubmed/?term=Imai M[Author]&cauthor=true&cauthor_uid=28632135}
}

@online{urlf68cc02f,
    url = {https://www.ncbi.nlm.nih.gov/pubmed/?term=Ko M[Author]&cauthor=true&cauthor_uid=28632135}
}

@online{url5057987f,
    url = {https://www.ncbi.nlm.nih.gov/pubmed/?term=Sato H[Author]&cauthor=true&cauthor_uid=28632135}
}

@online{url0ca1371b,
    url = {https://www.ncbi.nlm.nih.gov/pubmed/?term=Nozawa Y[Author]&cauthor=true&cauthor_uid=28632135}
}

@online{urlcabbfbb1,
    url = {https://www.ncbi.nlm.nih.gov/pubmed/?term=Sano T[Author]&cauthor=true&cauthor_uid=28632135}
}

@online{urlce994775,
    url = {https://www.ncbi.nlm.nih.gov/pubmed/?term=Iwanaga A[Author]&cauthor=true&cauthor_uid=28632135}
}

@online{url1fdccc1c,
    url = {https://www.ncbi.nlm.nih.gov/pubmed/?term=Seki K[Author]&cauthor=true&cauthor_uid=28632135}
}

@online{url15dff4ee,
    url = {https://www.ncbi.nlm.nih.gov/pubmed/?term=Honma T[Author]&cauthor=true&cauthor_uid=28632135}
}

@online{urled528a07,
    url = {https://www.ncbi.nlm.nih.gov/pubmed/?term=Yoshida T[Author]&cauthor=true&cauthor_uid=28632135}
}

@online{url5508d008,
    url = {https://www.ncbi.nlm.nih.gov/pubmed/28614215}
}

@online{url69f64edd,
    url = {https://www.ncbi.nlm.nih.gov/pubmed/?term=Park JG[Author]&cauthor=true&cauthor_uid=28614215}
}

@online{url71c88ecf,
    url = {https://www.ncbi.nlm.nih.gov/pubmed/?term=Tak WY[Author]&cauthor=true&cauthor_uid=28614215}
}

@online{url36a7fb36,
    url = {https://www.ncbi.nlm.nih.gov/pubmed/?term=Park SY[Author]&cauthor=true&cauthor_uid=28614215}
}

@online{url5b8d41f7,
    url = {https://www.ncbi.nlm.nih.gov/pubmed/?term=Kweon YO[Author]&cauthor=true&cauthor_uid=28614215}
}

@online{urleff42814,
    url = {https://www.ncbi.nlm.nih.gov/pubmed/?term=Jang SY[Author]&cauthor=true&cauthor_uid=28614215}
}

@online{urlb07bd2e7,
    url = {https://www.ncbi.nlm.nih.gov/pubmed/?term=Lee YR[Author]&cauthor=true&cauthor_uid=28614215}
}

@online{urlbaa585cf,
    url = {https://www.ncbi.nlm.nih.gov/pubmed/?term=Bae SH[Author]&cauthor=true&cauthor_uid=28614215}
}

@online{url0018dea0,
    url = {https://www.ncbi.nlm.nih.gov/pubmed/?term=Jang JY[Author]&cauthor=true&cauthor_uid=28614215}
}

@online{url56c5619a,
    url = {https://www.ncbi.nlm.nih.gov/pubmed/?term=Kim DY[Author]&cauthor=true&cauthor_uid=28614215}
}

@online{url55576cd3,
    url = {https://www.ncbi.nlm.nih.gov/pubmed/?term=Lee JS[Author]&cauthor=true&cauthor_uid=28614215}
}

@online{urld7dbe5bc,
    url = {https://www.ncbi.nlm.nih.gov/pubmed/?term=Suk KT[Author]&cauthor=true&cauthor_uid=28614215}
}

@online{urle3dcb958,
    url = {https://www.ncbi.nlm.nih.gov/pubmed/?term=Kim IH[Author]&cauthor=true&cauthor_uid=28614215}
}

@online{urlc028f429,
    url = {https://www.ncbi.nlm.nih.gov/pubmed/?term=Lee HJ[Author]&cauthor=true&cauthor_uid=28614215}
}

@online{url31bfb410,
    url = {https://www.ncbi.nlm.nih.gov/pubmed/?term=Chung WJ[Author]&cauthor=true&cauthor_uid=28614215}
}

@online{url7af196d3,
    url = {https://www.ncbi.nlm.nih.gov/pubmed/?term=Jang BK[Author]&cauthor=true&cauthor_uid=28614215}
}

@online{urlaa7b4396,
    url = {https://www.ncbi.nlm.nih.gov/pubmed/?term=Suh JI[Author]&cauthor=true&cauthor_uid=28614215}
}

@online{url7a66fcf5,
    url = {https://www.ncbi.nlm.nih.gov/pubmed/?term=Heo J[Author]&cauthor=true&cauthor_uid=28614215}
}

@online{urlec8a90c1,
    url = {https://www.ncbi.nlm.nih.gov/pubmed/?term=Lee WK[Author]&cauthor=true&cauthor_uid=28614215}
}

@online{urle49472db,
    url = {https://www.ncbi.nlm.nih.gov/pubmed/28060208}
}

@online{url3f534cb5,
    url = {https://www.ncbi.nlm.nih.gov/pubmed/?term=Sharma B[Author]&cauthor=true&cauthor_uid=28060208}
}

@online{url326d2480,
    url = {https://www.ncbi.nlm.nih.gov/pubmed/?term=Lawrence DW[Author]&cauthor=true&cauthor_uid=28060208}
}

@online{url63be3d1a,
    url = {https://www.ncbi.nlm.nih.gov/pubmed/?term=Hutchison MG[Author]&cauthor=true&cauthor_uid=28060208}
}

@online{urld0a59833,
    url = {https://pescience.com/collections/protein/products/select-protein?variant=185086083098}
}

@online{urlfb329c36,
    url = {https://www.ncbi.nlm.nih.gov/pubmed/28437198}
}

@online{url927f18bb,
    url = {https://www.amazon.com/Clean-Machine-Post-Workout-Electrolytes-Food-Sourced/dp/B00NQ44080/ref=pd_sim_121_2?_encoding=UTF8&pd_rd_i=B00NQ44080&pd_rd_r=5a97d025-e516-11e8-bb4e-ddb7811c53a7&pd_rd_w=y12I0&pd_rd_wg=Kp5Md&pf_rd_i=desktop-dp-sims&pf_rd_m=ATVPDKIKX0DER&pf_rd_p=18bb0b78-4200-49b9-ac91-f141d61a1780&pf_rd_r=WA5NG1Y1D7NY3JM39QC3&pf_rd_s=desktop-dp-sims&pf_rd_t=40701&psc=1&refRID=WA5NG1Y1D7NY3JM39QC3}
}

@online{urlf4d5e140,
    url = {https://www.amazon.com/Great-Lakes-Pasture-Raised-Hydrolysate-Frustration/dp/B00XB2YFBE/ref=lp_3774321_1_11_s_it?s=hpc&ie=UTF8&qid=1554920438&sr=1-11}
}

@online{url8c41f60b,
    url = {https://www.amazon.com/Great-Lakes-Certified-Pasture-Raised-Grass-Fed/dp/B01A1GDC34/ref=pd_sim_0_8?_encoding=UTF8&pd_rd_i=B01A1GDC34&pd_rd_r=5cee2c3a-5bbd-11e9-a328-111adf3de4ca&pd_rd_w=PKvXQ&pd_rd_wg=scB6j&pf_rd_p=90485860-83e9-4fd9-b838-b28a9b7fda30&pf_rd_r=WBVV11M3R8QSYQ55FNM6&psc=1&refRID=WBVV11M3R8QSYQ55FNM6}
}

@online{url5895fd64,
    url = {https://www.ncbi.nlm.nih.gov/m/pubmed/26141987/?i=2&from=/28750610/related}
}

@online{url64545050,
    url = {https://www.ncbi.nlm.nih.gov/m/pubmed/20169591/?i=3&from=/26141987/related}
}

@online{url087c8d40,
    url = {https://no.iherb.com/pr/CLEAN-MACHINE-Clean-BCAA-5-03-oz-142-5-g/83980}
}

@online{urld3d5698e,
    url = {https://www.solgar.com/all-products/bcaa-plus-vegetable-capsules-branched-chain-amino-acids/}
}

@online{urlcadc4fc1,
    url = {https://raypeatforum.com/community/attachments/15816/}
}

@online{urld2bcce77,
    url = {https://www.cambridge.org/core/journals/the-british-journal-of-psychiatry/article/tryptophan-depletion-and-its-implications-for-psychiatry/DFB46BDA4A41974BEB7CC88ACBAAE8D5}
}

@online{url21256224,
    url = {http://eatingdisorders.ucsd.edu/research/pub/imaging/doc/2003/kaye2003anxiolytic.pdf}
}

@online{urld088a63e,
    url = {https://www.nature.com/articles/1395410}
}

@online{url297f1c4e,
    url = {https://pubmed.ncbi.nlm.nih.gov/10098222/}
}

@online{url2b3fc240,
    url = {https://pubmed.ncbi.nlm.nih.gov/9093253/}
}

@online{urld6fe5e2c,
    url = {http://www.google.com/patents/EP0214557A2}
}

@online{urlbc4a9f22,
    url = {https://www.google.com/patents/CA2304869A1?cl=en&dq=ininventor:"Roman+Rozencwaig"&hl=en&sa=X&ei=zLOeUoGLBsqokQf3g4DgDg&ved=0CEAQ6AEwAQ}
}

@online{url5608e6a8,
    url = {https://www.google.com/patents/US5081129?dq=ininventor:"Roman+Rozencwaig"&hl=en&sa=X&ei=zLOeUoGLBsqokQf3g4DgDg&ved=0CFwQ6AEwBQ}
}

@online{url06735b18,
    url = {http://www.lef.org/magazine/mag97/feb97-interview.htm}
}

@online{url06e376c9,
    url = {http://www.ncbi.nlm.nih.gov/pubmed/8292130}
}

@online{url7520e0a9,
    url = {http://www.ncbi.nlm.nih.gov/pmc/articles/PMC301530/}
}

@online{url1625b6fa,
    url = {http://www.raypeatforum.com/forum/viewtopic.php?f=32&t=1522&p=28370&hilit=magnetic}
}

@online{url6729bb90,
    url = {http://onlinelibrary.wiley.com/doi/10.1111/jcmm.12088/full}
}

@online{url5dff298b,
    url = {http://onlinelibrary.wiley.com/doi/10.1111/jcmm.12088/pdf}
}

@online{urlcdd22438,
    url = {http://jab.zsf.jcu.cz//6_3/elswefy.pdf}
}

@online{urldd1dfffd,
    url = {https://raypeatforum.com/forums/posts/34300/}
}

@online{url2c52b163,
    url = {https://www.elp.com/articles/print/volume-81/issue-9/departments/transmission-distribution/growing-concerns-about-emf.html}
}

@online{url13402a8b,
    url = {https://www.hindawi.com/journals/ijhy/2012/754250/}
}

@online{url5d9bd80a,
    url = {https://www.ncbi.nlm.nih.gov/pubmed/6375330}
}

@online{url1d0842ff,
    url = {https://www.ncbi.nlm.nih.gov/pubmed/1333873}
}

@online{urlde756925,
    url = {https://www.ncbi.nlm.nih.gov/pubmed/17526568}
}

@online{url7187eea7,
    url = {https://www.ncbi.nlm.nih.gov/pubmed/23206450}
}

@online{urlc0b197e5,
    url = {https://biomagscience.net/product/emf-frequent-flyer-fatigue-protection-kit/}
}

@online{url37e759ca,
    url = {https://5grezotoneshield.com/}
}

@online{urlc83b834c,
    url = {http://wavegenome.com}
}

@online{url360b0ee1,
    url = {https://wavegenetics.org/en/services/kapsula-garyaeva/}
}

@online{urle2c365b9,
    url = {http://neurosciencemyths.com/Phenylalalanine_depletes.pdf}
}

@online{url5a439be3,
    url = {http://www.ncbi.nlm.nih.gov/pubmed/13787564}
}

@online{url82c671a2,
    url = {http://www.jbc.org/content/237/7/2261.full.pdf}
}

@online{url82f7b3e8,
    url = {http://www.pnas.org/content/94/10/5308.full}
}

@online{url72500e2a,
    url = {http://www.ncbi.nlm.nih.gov/pubmed/21339754}
}

@online{url0dd31030,
    url = {http://www.ncbi.nlm.nih.gov/pubmed/21269547}
}

@online{urlae1ee9f5,
    url = {https://raypeatforum.com/forums/posts/114825/}
}

@online{urle2be41aa,
    url = {https://raypeatforum.com/forums/posts/114884/}
}

@online{url3da685e1,
    url = {https://raypeatforum.com/forums/posts/114904/}
}

@online{urleffec6b8,
    url = {https://raypeatforum.com/forum/viewtopic.php?p=96966}
}

@online{url2078b09d,
    url = {https://www.raypeatforum.com/forum/viewtopic.php?f=75&t=2888&p=34779&hilit=casein+tryptophan}
}

@online{url6876dae3,
    url = {https://raypeatforum.com/forums/posts/114993/}
}

@online{url37517f51,
    url = {https://raypeatforum.com/forums/posts/115122/}
}

@online{url583a0e29,
    url = {https://raypeatforum.com/forums/posts/115154/}
}

@online{urldcd018a6,
    url = {http://bmoreorganic.com/products/}
}

@online{url9fca01fd,
    url = {https://en.wikipedia.org/wiki/Skyr}
}

@online{url6d58ac2e,
    url = {http://www.youtube.com/watch?v=WROtGORNefA}
}

@online{url3aea10ee,
    url = {http://nutritiondata.self.com/facts/dairy-and-egg-products/15/2}
}

@online{urlb47b1858,
    url = {http://www.skyriceland.com/}
}

@online{url4aeb5b87,
    url = {http://www.powerful.yt/products.php}
}

@online{url4723afd8,
    url = {http://fddb.info/db/de/lebensmittel/berchtesgadener_land_berchtesgadener_land_speisquark_und_quotbayerischer_topfen_und_quot_natur/index.html}
}

@online{url81fbb9f3,
    url = {https://raypeatforum.com/forums/posts/98696/}
}

@online{url68732443,
    url = {https://raypeatforum.com/forums/posts/98697/}
}

@online{urlb3c43602,
    url = {https://www.ncbi.nlm.nih.gov/pmc/articles/PMC3859987/}
}

@online{urld246505a,
    url = {https://www.ncbi.nlm.nih.gov/pubmed/1374738}
}

@online{url34605ba7,
    url = {https://www.ncbi.nlm.nih.gov/pubmed/1709756}
}

@online{url51a6cc98,
    url = {https://www.ncbi.nlm.nih.gov/pubmed/24657283/}
}

@online{url988d311f,
    url = {http://www.friendssalonnspa.ca/catalog/item/8643534/9648860.htm}
}

@online{url57b675e9,
    url = {http://www.finlandiapharmacyonline.com/products/New-Roots-Magnesium-Salicylate-(60-capsules).html}
}

@online{url53d6a43e,
    url = {https://www.valuevalet.ca/dodds-fast-acting-extra-strength-relieves-muscular-backache-pain-500-mg-30-559482.html}
}

@online{urlf94820db,
    url = {https://raypeatforum.com/forums/posts/34700/}
}

@online{urlc379c813,
    url = {http://newrootsherbal.com/product/id/1514}
}

@online{urlcde9a7c0,
    url = {https://raypeatforum.com/forums/posts/103281/}
}

@online{url0f45341c,
    url = {https://raypeatforum.com/community/threads/caffeine-salicylate-a-novel-compound.30136/}
}

@online{url65b05051,
    url = {https://www.webqc.org/balance.php?reaction=Na2CO3+C7H6O3=C7H5NaO3+CO2+H2O}
}

@online{urldb680069,
    url = {http://www.ncbi.nlm.nih.gov/pubmed/16173588}
}

@online{url863eb895,
    url = {http://www.ncbi.nlm.nih.gov/pubmed/17670942}
}

@online{urlff12e1f4,
    url = {http://www.functionalps.com/blog/2012/09/28/ray-peat-phd-on-the-benefits-of-the-raw-carrot/}
}

@online{urlca4eb8bf,
    url = {http://www.functionalps.com/blog/2012/11/29/ray-peat-phd-on-endotoxin/}
}

@online{url3c3677be,
    url = {http://raypeat.com/articles/nutrition/carrageenan.shtml}
}

@online{url7a639f5a,
    url = {https://raypeatforum.com/forums/posts/34796/}
}

@online{url6482b2b5,
    url = {http://158.75.16.31/web_page/pdf/2010_01.pdf}
}

@online{url8c2658d9,
    url = {https://raypeatforum.com/forums/posts/115231/}
}

@online{url02ac1102,
    url = {https://raypeatforum.com/forums/posts/115246/}
}

@online{urld8b7ed1a,
    url = {https://raypeatforum.com/forums/posts/115284/}
}

@online{urlbf0eb044,
    url = {https://raypeatforum.com/forums/posts/115421/}
}

@online{urla7a9f4a0,
    url = {https://raypeatforum.com/forums/posts/115427/}
}

@online{url59299678,
    url = {https://raypeatforum.com/forums/posts/115428/}
}

@online{url7cb56b06,
    url = {http://www.ncbi.nlm.nih.gov/pubmed/3870690}
}

@online{urld09050c3,
    url = {http://www.ncbi.nlm.nih.gov/pubmed/6213744}
}

@online{url164c542a,
    url = {http://ajcn.nutrition.org/content/82/1/69.abstract}
}

@online{url51a87635,
    url = {https://raypeatforum.com/forums/posts/34779/}
}

@online{urld796af22,
    url = {https://raypeatforum.com/forums/posts/114998/}
}

@online{url2b9de10d,
    url = {https://raypeatforum.com/forums/posts/115014/}
}

@online{url2a1559f9,
    url = {https://raypeatforum.com/forums/posts/115042/}
}

@online{url9ac2c089,
    url = {https://raypeatforum.com/forums/posts/115120/}
}

@online{url084b0582,
    url = {https://raypeatforum.com/forums/posts/115145/}
}

@online{url1aa9bef9,
    url = {https://raypeatforum.com/forums/posts/115151/}
}

@online{urla27bf98d,
    url = {https://raypeatforum.com/forums/posts/115215/}
}

@online{url4be49e99,
    url = {https://raypeatforum.com/forums/posts/115299/}
}

@online{url88a17e57,
    url = {https://raypeatforum.com/forums/posts/115291/}
}

@online{urldd7a58f4,
    url = {https://raypeatforum.com/forums/posts/115376/}
}

@online{url0fe15593,
    url = {https://www.raypeatforum.com/forum/viewtopic.php?f=10&t=8847}
}

@online{url7647d820,
    url = {https://raypeatforum.com/forums/posts/115749/}
}

@online{url9d9fdda8,
    url = {https://raypeatforum.com/forums/posts/115759/}
}

@online{url6771ccad,
    url = {https://raypeatforum.com/forums/posts/115768/}
}

@online{url56b662d2,
    url = {https://raypeatforum.com/forums/posts/115812/}
}

@online{url7b272ff9,
    url = {https://raypeatforum.com/forums/posts/115828/}
}

@online{urlc2247789,
    url = {https://raypeatforum.com/forums/posts/115835/}
}

@online{url7ac47e97,
    url = {https://raypeatforum.com/forums/posts/115924/}
}

@online{url9353257c,
    url = {https://raypeatforum.com/forums/posts/116451/}
}

@online{url0dfeeaa8,
    url = {http://www.nutrabio.com/category/bcaa/}
}

@online{urlb2d73fbf,
    url = {https://raypeatforum.com/forums/posts/116752/}
}

@online{url1c5a75a0,
    url = {https://raypeatforum.com/forums/posts/117021/}
}

@online{urld905e22e,
    url = {https://raypeatforum.com/forums/posts/117048/}
}

@online{url6ea7bb1e,
    url = {https://raypeatforum.com/forums/posts/117444/}
}

@online{urled425860,
    url = {http://onlinelibrary.wiley.com/doi/10.1111/j.1365-2249.2005.02746.x/full}
}

@online{url2426b9c3,
    url = {http://www.amazon.com/PublicLab-Desktop-Spectronomy-Kit/dp/B00FYZH61W/ref=sr_1_2?s=electronics&ie=UTF8&qid=1386283937&sr=1-2&keywords=spectrometer}
}

@online{urld2fde5d4,
    url = {http://www.amazon.com/s/ref=nb_sb_noss?url=search-alias=electronics&field-keywords=light+meter&rh=n:172282,k:light+meter}
}

@online{url37bac66c,
    url = {http://www.amazon.com/Public-Lab-FOLDUP2-Smartphone-Spectrometer/dp/B00DSA70TS/ref=pd_sim_sbs_e_1}
}

@online{urldf66190d,
    url = {http://www.amazon.com/dp/B004DJ5TMS/ref=pe_385040_30332190_TE_3p_M3T1_ST1_dp_1}
}

@online{urla90d34f4,
    url = {http://www.amazon.com/dp/B00FYZH61W/?tag=rapefo-20}
}

@online{url71874892,
    url = {http://www.amazon.com/s/ref=nb_sb_noss?url=search-alias=electronics&field-keywords=light+meter&rh=n:172282,k:light+meter&tag=rapefo-20}
}

@online{urld4036635,
    url = {http://www.amazon.com/dp/B000HMBMBC/?tag=rapefo-20}
}

@online{url488e4d05,
    url = {http://heelspurs.com/a/led/black3.gif}
}

@online{url5b788fb9,
    url = {http://www.amazon.com/dp/B004DJ5TMS/?tag=rapefo-20}
}

@online{urle52967d0,
    url = {Https://raypeatforum.com/community/threads/home-spectrometer-with-cd.13892/}
}

@online{url6e650817,
    url = {https://blog.1000bulbs.com/home/why-buy-130-volt-light-bulbs}
}

@online{urlf5c6c6c7,
    url = {https://www.ebay.com/itm/SATCO-S3015-500W-130V-PS35-CLEAR-E39-MOGEL-BASE-LIGHT-BULB-PACK-OF-2/171977571595}
}

@online{url93ec94df,
    url = {https://raypeatforum.com/community/attachments/dsc13521-jpg.10082/}
}

@online{url897ea361,
    url = {https://raypeatforum.com/community/attachments/early-morning-jpg.10083/}
}

@online{urlf1309480,
    url = {https://raypeatforum.com/community/attachments/1024px-dg5artipayallar_036-jpg.10084/}
}

@online{url1db34bba,
    url = {https://en.wikipedia.org/wiki/Color_temperature}
}

@online{urla0507739,
    url = {https://en.wikipedia.org/wiki/Daylight}
}

@online{url5c35d3b3,
    url = {https://en.wikipedia.org/wiki/Sunrise}
}

@online{urlc46ecb36,
    url = {https://en.wikipedia.org/wiki/Sunset}
}

@online{urla5b82c4c,
    url = {https://en.wikipedia.org/wiki/Noon}
}

@online{url3d7e4427,
    url = {https://raypeatforum.com/community/attachments/800px-planckianlocus-png.10085/}
}

@online{url8982dfff,
    url = {http://antiqueradios.com/forums/viewtopic.php?f=2&t=197570}
}

@online{urlbec201e8,
    url = {http://www.damarww.com/department.asp?sub=51&dep=R40}
}

@online{urlf1865799,
    url = {https://www.bulborama.com/300-WATT-PS30-SILVER-BOWL-SUPRA-LIFE-LIGHT-BULB-10-000-HOURS-p2238.html}
}

@online{url69fdcf42,
    url = {https://www.ebay.ca/sch/i.html?_odkw=300+watt+20000+hour&_osacat=0&_from=R40&_trksid=m570.l1313&_nkw=300+watt+20000+hour+incandescent+&_sacat=0}
}

@online{urlb8995b25,
    url = {https://www.ebay.com/itm/New-BULBRITE-Heat-Lamp-250W-130V-BR40-Infrared-Heat-Lamp-Clear-Standard-Base/113195096986?epid=1257202514&hash=item1a5af41b9a:g:YKMAAOSw3fZaQ~qH}
}

@online{url5502c8cb,
    url = {https://raypeatforum.com/community/attachments/2ed4f95f-2dd8-416c-8077-8b39c57d9e6f-jpeg.46425/}
}

@online{url83380601,
    url = {https://raypeatforum.com/community/attachments/46425/}
}

@online{urlc81f8c77,
    url = {http://www.ncbi.nlm.nih.gov/pubmed/9951625}
}

@online{url8787c6c3,
    url = {https://www.researchgate.net/publication/7371709_The_Nitric_Oxide_Theory_of_Aging_Revisited}
}

@online{url4fd2c141,
    url = {http://nutritiondata.self.com/foods-000089000000000000000-w.html}
}

@online{url5cfafd09,
    url = {http://www.normalbreathing.com/CO2-natural-bronchodilators.php}
}

@online{urld3ff3979,
    url = {http://www.atsjournals.org/doi/full/10.1164/rccm.200310-1473OC}
}

@online{url65212194,
    url = {http://heelspurs.com/led.html}
}

@online{urla6534ffe,
    url = {http://www.ncbi.nlm.nih.gov/pubmed/9816696}
}

@online{url11cf19ae,
    url = {http://www.ncbi.nlm.nih.gov/pmc/articles/PMC2790317/}
}

@online{url90369b37,
    url = {http://www.raypeatforum.com/forum/viewtopic.php?f=10&t=2067&p=51556}
}

@online{urladd24cf5,
    url = {http://webcache.googleusercontent.com/search?q=cache:p53FK-MMRm8J:www.researchgate.net/publication/40482651_Inhibition_of_SIRT1_deacetylase_suppresses_estrogen_receptor_signaling/links/00b49524310e6a9e96000000+&cd=4&hl=it&ct=clnk&gl=it}
}

@online{url7330ee8a,
    url = {http://www.raypeatforum.com/forum/viewtopic.php?f=36&t=4282}
}

@online{url574864de,
    url = {https://www.google.com/patents/US8517011}
}

@online{url0af6c1ab,
    url = {https://www.google.com/patents/EP1259282A4}
}

@online{url162c8390,
    url = {https://www.google.com/patents/US5851544}
}

@online{url5679b471,
    url = {http://www.cs.mtu.edu/~shene/DigiCam/User-Guide/white-balance/wb-concept.html}
}

@online{url72683927,
    url = {http://onlinelibrary.wiley.com/doi/10.1111/j.1742-7843.2004.pto_940108.x/full}
}

@online{urlec0b8a91,
    url = {http://www.ncbi.nlm.nih.gov/pmc/articles/PMC3000094/}
}

@online{url3208bce8,
    url = {http://onlinelibrary.wiley.com/doi/10.1111/j.1527-3458.2005.tb00267.x/epdf}
}

@online{url7bf035bc,
    url = {http://cardiovascres.oxfordjournals.org/content/43/3/521}
}

@online{urld082ef77,
    url = {http://www.bu.edu/alzresearch/files/2014/08/arginine-Ryu.pdf}
}

@online{urlf0c822fb,
    url = {https://www.researchgate.net/profile/Kjell_Alving/publication/15692170_Increased_amount_of_nitric_oxide_in_exhaled_air_of_astmatics/links/0deec537390fbb2d78000000.pdf}
}

@online{url5da652ff,
    url = {https://www.ncbi.nlm.nih.gov/pubmed/19092646}
}

@online{url22d225f4,
    url = {https://www.ncbi.nlm.nih.gov/pubmed/10818069}
}

@online{urlca3bd258,
    url = {https://www.ncbi.nlm.nih.gov/pubmed/11893913}
}

@online{urlb411f08a,
    url = {https://en.wikipedia.org/wiki/Nitric_oxide_synthase#iNOS}
}

@online{url685a9700,
    url = {https://en.wikipedia.org/wiki/Endothelial_NOS#Clinical_significance}
}

@online{url16de0cf4,
    url = {https://www.ncbi.nlm.nih.gov/m/pubmed/27871960/}
}

@online{url91e9e44a,
    url = {https://www.ncbi.nlm.nih.gov/m/pubmed/18761597/?i=2&from=/27871960/related}
}

@online{url81981984,
    url = {https://perfecthairhealth.com/trans-hormone-replacement-therapy-hair-regrowth/}
}

@online{url9eea1b51,
    url = {http://meridianvalleylab.com/testosteron-metabolite-3b-adiol}
}

@online{url7eb0aabd,
    url = {https://www.ncbi.nlm.nih.gov/pmc/articles/PMC3377995/}
}

@online{urld1c4c508,
    url = {http://www.scbt.com/es/datasheet-200343-n-5-1-iminoethyl-l-ornithine-hcl-l-nio.html}
}

@online{urlf8eb7a2e,
    url = {http://www.ncbi.nlm.nih.gov/pubmed/15656623}
}

@online{urlf4b20506,
    url = {http://www.ncbi.nlm.nih.gov/pubmed/1710525}
}

@online{urla9b8a70c,
    url = {https://www.thefreelibrary.com/The+anticancer+testosterone+metabolite+3[beta]+-+Adiol.-a0297056560}
}

@online{urlfc908fe6,
    url = {http://en.wikipedia.org/wiki/Luc_Montagnier}
}

@online{urld38859fc,
    url = {http://www.forbes.com/sites/stevensalzberg/2012/05/27/nobel-laureate-joins-anti-vaccination-crowd-at-autism-one/}
}

@online{url2cd70a6b,
    url = {http://scienceblogs.com/insolence/2010/11/23/luc-montagnier-the-nobel-disease-strikes/}
}

@online{url224a9482,
    url = {http://www.21stcenturysciencetech.com/Articles_2011/Winter-2010/Montagnier.pdf}
}

@online{url7fb79119,
    url = {http://www.amazon.fr/Enquête-survivant-illégal-Laffaire-Weidlich/dp/2844453864}
}

@online{url5b786466,
    url = {http://raypeat.com/articles/articles/immunodeficiency.shtml}
}

@online{url06f8e7c1,
    url = {http://webcache.googleusercontent.com/search?q=cache:Vdx70aWsBVoJ:lucadeparis.free.fr/infosweb/sida_montagnier.docx+&cd=2&hl=ro&ct=clnk&gl=ro&client=firefox-a}
}

@online{url5350ff14,
    url = {http://www.dailymotion.com/video/xiqyt1_jacques-benveniste-heretic_tech}
}

@online{url112bf7b1,
    url = {https://en.wikipedia.org/wiki/Contaminated_haemophilia_blood_products}
}

@online{url74f77661,
    url = {https://www.lesoir.be/art/%2Fm%2Fdeja-256-hemophiles-morts-du-sida-en-france-quatre-pers_t-19920622-Z05H04.html}
}

@online{urlcf2be145,
    url = {https://www.cdc.gov/ncbddd/hemophilia/facts.html}
}

@online{urla3d9f183,
    url = {https://www.immunity.org.uk/articles/john-lauritsen/interview-prof-peter-duesberg/}
}

@online{urldc32b385,
    url = {https://onlinelibrary.wiley.com/doi/pdf/10.1111/j.1538-7836.2006.01776.x}
}

@online{url504f84b6,
    url = {https://fr.wikipedia.org/wiki/Affaire_du_sang_contaminé}
}

@online{urld751bbd3,
    url = {https://www.cdc.gov/mmwr/preview/mmwrhtml/00018871.htm}
}

@online{url763c2204,
    url = {http://www.ncbi.nlm.nih.gov/pmc/articles/PMC3507493/}
}

@online{urlc2d0d019,
    url = {https://raypeatforum.com/community/threads/water-structure-osmolytes-and-cancer.30494/}
}

@online{url5f9c2e0d,
    url = {https://www.google.ca/amp/s/www.researchgate.net/publication/12482473_Ascorbic_acid_vitamin_C_effects_on_withdrawal_syndrome_of_heroin_abusers/amp}
}

@online{urlf38cc848,
    url = {https://www.facebook.com/SuppVersity/posts/688324847866335}
}

@online{url1c1b2afb,
    url = {http://www.ncbi.nlm.nih.gov/pubmed/23908317}
}

@online{url9921bbc6,
    url = {https://www.naturebuildshealth.com/blog/cold-thermogenesis-showers-icebaths}
}

@online{urld8443928,
    url = {http://online.liebertpub.com/doi/abs/10.1089/acm.2012.0612}
}

@online{url35a7b0a3,
    url = {https://www.healthrising.org/blog/2013/07/05/is-simple-relief-from-fibromyalgia-mecfs-found-early-reports-spark-interest/}
}

@online{url402ced5a,
    url = {https://www.healthrising.org/blog/2013/07/19/the-high-dose-b-1-thiamine-supplementation-survey-fibromyalgia-chronic-fatigue-syndrome/}
}

@online{url05270c9c,
    url = {https://www.ncbi.nlm.nih.gov/pubmed/23696141}
}

@online{url842738c0,
    url = {https://www.ncbi.nlm.nih.gov/pubmed/23379830}
}

@online{url7a2bfe2d,
    url = {http://aeon.co/magazine/nature-and-cosmos/why-its-time-to-lay-the-selfish-gene-to-rest/}
}

@online{url5e1943ce,
    url = {https://raypeatforum.com/forums/posts/109471/}
}

@online{url3abebd8c,
    url = {http://raypeat.com/articles/articles/imprinting.shtml}
}

@online{url90be6bbd,
    url = {https://pranarupa.wordpress.com/tag/starchild-skull/}
}

@online{url4aa2056b,
    url = {https://raypeatforum.com/forums/posts/109477/}
}

@online{url66fe574d,
    url = {https://raypeatforum.com/forums/posts/109547/}
}

@online{urlff837e40,
    url = {http://www.dannyroddy.com/weblog/geneticdeterminism}
}

@online{urlf6c10206,
    url = {https://www.youtube.com/watch?v=bv9HX00i81k&safe=active}
}

@online{urld5f3e3d4,
    url = {http://raypeat.com/articles/articles/genes-carbon-dioxide-adaptation.shtml}
}

@online{url007ba38c,
    url = {https://raypeatforum.com/forums/posts/109643/}
}

@online{url611a2524,
    url = {https://raypeatforum.com/forums/posts/109695/}
}

@online{url05d71966,
    url = {https://raypeatforum.com/forums/posts/109697/}
}

@online{urlae978fc2,
    url = {http://www.nature.com/news/rats-free-each-other-from-cages-1.9603}
}

@online{url95929962,
    url = {https://raypeatforum.com/forums/posts/109879/}
}

@online{url6a3dafd3,
    url = {https://books.google.com/books?id=IWYdBQAAQBAJ&pg=PA201&lpg=PA201&dq=colorado+adoption+project+heritability+increases&source=bl&ots=dxZVbML75_&sig=DMEldMvnB6K5s1yX4QPd9LJG5lI&hl=en&sa=X&ved=0CB0Q6AEwAGoVChMIqvqQ2cGYyQIVRyseCh31HQmL}
}

@online{url7799f092,
    url = {http://hgalert.org/topics/behavGenetics/Genes and IQ research.pdf}
}

@online{urlc06bd29e,
    url = {https://groups.google.com/forum/}
}

@online{urlcf8be23c,
    url = {https://raypeatforum.com/forums/posts/109989/}
}

@online{url773440bb,
    url = {http://www.ncbi.nlm.nih.gov/pmc/articles/PMC3817005/}
}

@online{url5c8e724f,
    url = {http://www.ncbi.nlm.nih.gov/pubmed/2138795}
}

@online{url66723818,
    url = {https://raypeatforum.com/forums/posts/110009/}
}

@online{url9861072f,
    url = {https://raypeatforum.com/forums/posts/110027/}
}

@online{url110f054d,
    url = {http://www.ebiomedicine.com/article/S2352-3964(15)30081-5/abstract}
}

@online{urlb6eb3408,
    url = {http://www.ncbi.nlm.nih.gov/pubmed/25594173}
}

@online{url0d57beff,
    url = {https://www.youtube.com/watch?v=Ig6YDpOvkis}
}

@online{urla33dfa07,
    url = {https://raypeatforum.com/forums/posts/110215/}
}

@online{urlc58559c0,
    url = {http://phenomena.nationalgeographic.com/2013/11/15/mice-inherit-the-fears-of-their-fathers/}
}

@online{url93624e86,
    url = {https://raypeatforum.com/forums/posts/110179/}
}

@online{url767808df,
    url = {https://raypeatforum.com/forums/posts/110234/}
}

@online{url188a0c48,
    url = {http://press.endocrine.org/doi/full/10.1210/jc.2005-0550}
}

@online{url221efccd,
    url = {http://www.ncbi.nlm.nih.gov/pubmed/11750777?dopt=Abstract}
}

@online{url1d2d2e15,
    url = {https://raypeatforum.com/forums/posts/110237/}
}

@online{url22ae2b10,
    url = {https://raypeatforum.com/forums/posts/110238/}
}

@online{url5483cecc,
    url = {https://raypeatforum.com/forums/posts/110241/}
}

@online{urlac37bd03,
    url = {https://raypeatforum.com/forums/posts/110230/}
}

@online{urle66249e4,
    url = {https://raypeatforum.com/forums/posts/110224/}
}

@online{url0b01e126,
    url = {https://raypeatforum.com/forums/posts/110246/}
}

@online{url646c9ef0,
    url = {http://news.nationalgeographic.com/2015/11/151117-vampire-bats-blood-food-science-animals/}
}

@online{urldefd898f,
    url = {https://raypeatforum.com/forums/posts/110353/}
}

@online{url6f085ac2,
    url = {https://raypeatforum.com/forums/posts/110373/}
}

@online{urlf4aac7d2,
    url = {https://raypeatforum.com/forums/posts/110382/}
}

@online{url34119b0a,
    url = {http://www.bbc.co.uk/nature/15536611}
}

@online{urlc6b08476,
    url = {http://www.reuters.com/article/2015/03/10/us-belgium-cockroach-personalities-track-idUSKBN0M614H20150310}
}

@online{url36c2d86f,
    url = {http://www.ncbi.nlm.nih.gov/pmc/articles/PMC3293832/}
}

@online{url89c8919c,
    url = {http://www.researchdiets.com/system/resources/BAhbBlsHOgZmIjMyMDEzLzAyLzI4LzEzXzEzXzQ3Xzg4X3Byb2R1Y3RfZGF0YV9EMTI0OTIucGRm/product_data_D12492.pdf}
}

@online{url4b827e6d,
    url = {https://raypeatforum.com/forums/posts/35182/}
}

@online{url29564700,
    url = {https://raypeatforum.com/forums/posts/103196/}
}

@online{urleae2bdee,
    url = {http://jap.physiology.org/content/82/1/49}
}

@online{urladbe0d4b,
    url = {http://www.ncbi.nlm.nih.gov/pubmed/1387870?access_num=1387870&link_type=MED&dopt=Abstract}
}

@online{urlc941ad5e,
    url = {https://raypeatforum.com/community/threads/tater-haters-love-resistant-starch.11584/}
}

@online{url23c73cad,
    url = {http://www.g6pd.org/en/G6PDDeficiency.aspx}
}

@online{url9ef3c56b,
    url = {http://www.ncbi.nlm.nih.gov/pubmed/7407532}
}

@online{url2d3c7aa3,
    url = {http://www.ncbi.nlm.nih.gov/pmc/articles/PMC2271815/}
}

@online{url6820a100,
    url = {http://www.ncbi.nlm.nih.gov/pubmed/11474896}
}

@online{urld7251b6b,
    url = {http://www.ncbi.nlm.nih.gov/pubmed/17497874}
}

@online{url16b644e8,
    url = {http://www.ncbi.nlm.nih.gov/pmc/articles/PMC3951542/}
}

@online{url0b5115ff,
    url = {http://www.ncbi.nlm.nih.gov/pubmed/25328202}
}

@online{url7ebbe349,
    url = {https://en.wikipedia.org/wiki/Adventist_Health_Studies}
}

@online{url2e0f1b88,
    url = {http://www.latimes.com/health/la-he-blue-zone-loma-linda-20150711-story.html}
}

@online{url288ceebb,
    url = {https://www.youtube.com/watch?v=LU_hZ58TtvI}
}

@online{url96f2bc96,
    url = {http://www.healthpromoting.com/sites/default/files/JFP_06307_Article1.pdf}
}

@online{urla983e5cb,
    url = {http://wholehealthsource.blogspot.ca/2013/11/beans-lentils-and-paleo-diet.html}
}

@online{url3e952afa,
    url = {http://apjcn.nhri.org.tw/server/APJCN/13/2/217.pdf}
}

@online{urlc519b086,
    url = {https://www.fda.gov/Food/FoodborneIllnessContaminants/CausesOfIllnessBadBugBook/ucm071092.htm}
}

@online{url89e726c6,
    url = {http://www.mdpi.com/1420-3049/20/3/3791}
}

@online{url45689a62,
    url = {https://www.ncbi.nlm.nih.gov/pubmed/16183566}
}

@online{urlca1423bf,
    url = {http://ar.iiarjournals.org/content/25/3B/1969.full.pdf}
}

@online{urlfde274ab,
    url = {https://www.ncbi.nlm.nih.gov/pubmed/26916164}
}

@online{url70ac1094,
    url = {http://pubs.acs.org/doi/abs/10.1021/jf048128d}
}

@online{url60e93604,
    url = {http://healthyeating.sfgate.com/amino-acid-profile-beans-4952.html}
}

@online{url8447dbf5,
    url = {http://mentalhealthdaily.com/2015/04/08/20-foods-high-in-estrogen-phytoestrogens/}
}

@online{urlb44eb8be,
    url = {http://www.washingtonpost.com/wp-dyn/articles/A409-2004Sep6.html}
}

@online{url2d427447,
    url = {https://newrepublic.com/article/117776/bill-clintons-vegan-not-diet-proves-hes-baffled-we-are}
}

@online{url567d49df,
    url = {http://www.nytimes.com/2006/10/11/dining/11well.html?_r=0}
}

@online{urlcf0e32bf,
    url = {http://www.cnn.com/2011/HEALTH/08/18/bill.clinton.diet.vegan/}
}

@online{url3fb5f150,
    url = {https://raypeatforum.com/community/threads/101-year-old-fred-kummerow-exercised-a-lot-and-eats-whole-grains-oatmeal-and-vegetables.8933/}
}

@online{url55e65917,
    url = {http://www.ncbi.nlm.nih.gov/pubmed/23076705}
}

@online{urlc73fdab2,
    url = {http://www.ncbi.nlm.nih.gov/pubmed/18502826}
}

@online{urld44db782,
    url = {http://www.ncbi.nlm.nih.gov/pubmed/15068403}
}

@online{urlb3df3cc6,
    url = {http://www.ncbi.nlm.nih.gov/pubmed/12231270}
}

@online{url311b2d65,
    url = {http://www.ncbi.nlm.nih.gov/pubmed/11728834}
}

@online{url8ab118b6,
    url = {http://www.ncbi.nlm.nih.gov/pubmed/10319907}
}

@online{url1966753a,
    url = {http://www.ncbi.nlm.nih.gov/pubmed/7667171}
}

@online{url6ef621f5,
    url = {http://www.ncbi.nlm.nih.gov/pubmed/23442031}
}

@online{url05a6d3cd,
    url = {http://www.ncbi.nlm.nih.gov/pubmed/9304415}
}

@online{urlbf6ac9d7,
    url = {http://www.ncbi.nlm.nih.gov/pubmed/19346455}
}

@online{url1c4eaa86,
    url = {http://www.ncbi.nlm.nih.gov/pubmed/7976381}
}

@online{url8b143ed0,
    url = {http://www.ncbi.nlm.nih.gov/pubmed/7976376}
}

@online{url981f0939,
    url = {http://www.ncbi.nlm.nih.gov/pubmed/1757225}
}

@online{url256b143b,
    url = {http://www.ncbi.nlm.nih.gov/pubmed/3982650}
}

@online{url1797bb74,
    url = {http://www.ncbi.nlm.nih.gov/pubmed/8225552}
}

@online{urld063e684,
    url = {http://www.ncbi.nlm.nih.gov/pubmed/11940385}
}

@online{urle9478c4a,
    url = {http://www.ncbi.nlm.nih.gov/pubmed/1598825}
}

@online{urlf5389c16,
    url = {http://www.ncbi.nlm.nih.gov/pubmed/8368073}
}

@online{url9f999c4f,
    url = {http://www.ncbi.nlm.nih.gov/pubmed/3567337}
}

@online{urle155a6de,
    url = {http://www.ncbi.nlm.nih.gov/pubmed/2995088}
}

@online{url7bb8feda,
    url = {http://www.ncbi.nlm.nih.gov/pubmed/2994332}
}

@online{url4c2219a8,
    url = {http://www.ncbi.nlm.nih.gov/pubmed/6109449}
}

@online{url8acbc142,
    url = {http://www.ncbi.nlm.nih.gov/pubmed/7017408}
}

@online{url1e8262c8,
    url = {http://www.ncbi.nlm.nih.gov/pubmed/115197}
}

@online{url7bcc8549,
    url = {http://www.ncbi.nlm.nih.gov/pubmed/4600047}
}

@online{urlc2b47ce7,
    url = {http://www.ncbi.nlm.nih.gov/pubmed/177441}
}

@online{url1e6e5b7c,
    url = {http://www.ncbi.nlm.nih.gov/pubmed/177112}
}

@online{url7095a92a,
    url = {http://www.ncbi.nlm.nih.gov/pubmed/1201741}
}

@online{url9775f567,
    url = {http://www.ncbi.nlm.nih.gov/pubmed/180050}
}

@online{url055a6ec4,
    url = {http://www.ncbi.nlm.nih.gov/pubmed/401824}
}

@online{urld263319e,
    url = {http://www.ncbi.nlm.nih.gov/pubmed/412631}
}

@online{urla9d631d6,
    url = {http://www.ncbi.nlm.nih.gov/pubmed/508004}
}

@online{url9afcf367,
    url = {http://www.ncbi.nlm.nih.gov/pubmed/3797491}
}

@online{urld5367974,
    url = {http://www.ncbi.nlm.nih.gov/pubmed/14157085}
}

@online{url6e31c70e,
    url = {http://www.ncbi.nlm.nih.gov/pubmed/6735444}
}

@online{url372885f7,
    url = {http://www.ncbi.nlm.nih.gov/pubmed/7233624}
}

@online{url54cc0224,
    url = {http://www.ncbi.nlm.nih.gov/pubmed/1204806}
}

@online{url9c0ccde5,
    url = {http://www.ncbi.nlm.nih.gov/pubmed/4274414}
}

@online{url6bf237b7,
    url = {http://en.wikipedia.org/wiki/Mirtazapine}
}

@online{url6d1f2e30,
    url = {http://www.well.ca}
}

@online{urlf44a85b0,
    url = {http://peatarian.com/peatexchanges}
}

@online{url1c072a40,
    url = {http://www.ncbi.nlm.nih.gov/pubmed/3584851}
}

@online{urld8695747,
    url = {http://en.wikipedia.org/wiki/Cyproheptadine}
}

@online{url98d945e4,
    url = {http://www.ijptonline.com/wp-content/uploads/2009/10/4645-4662.pdf}
}

@online{url178e8527,
    url = {http://livertox.nlm.nih.gov/Cyproheptadine.htm}
}

@online{urlf8b33886,
    url = {http://www.drugs.com/ingredient/hydroxyzine.html}
}

@online{urlea3cb151,
    url = {http://www.ncbi.nlm.nih.gov/pubmed/21819287}
}

@online{urlf30cf5ec,
    url = {http://www.raypeatforum.com/forum/viewtopic.php?f=10&t=3830}
}

@online{url249bccfb,
    url = {http://www.farmaciadelnino.net/product_info.php/products_id/2136}
}

@online{urld2a21f1b,
    url = {http://www.ncbi.nlm.nih.gov/pubmed/2510991}
}

@online{url7a18f57e,
    url = {https://en.wikipedia.org/wiki/Pramipexole#Unipolar_depression}
}

@online{urla0e8b23f,
    url = {https://en.wikipedia.org/wiki/Pramipexole#Bipolar_depression}
}

@online{url911960f9,
    url = {http://youtu.be/4N3N1MlvVc4}
}

@online{url11cbf126,
    url = {https://raypeatforum.com/forums/posts/97040/}
}

@online{url3cab066d,
    url = {https://raypeatforum.com/forums/posts/97154/}
}

@online{url2ad9219a,
    url = {https://raypeatforum.com/forums/posts/97155/}
}

@online{url974a8be0,
    url = {https://raypeatforum.com/forums/posts/103772/}
}

@online{urlf5e144bf,
    url = {https://raypeatforum.com/forums/posts/103940/}
}

@online{url6005c75b,
    url = {https://raypeatforum.com/forums/posts/104949/}
}

@online{url30cef82e,
    url = {https://raypeatforum.com/forums/posts/30214/}
}

@online{url9ce0f4b9,
    url = {https://raypeatforum.com/forums/posts/108778/}
}

@online{url886e53c9,
    url = {https://raypeatforum.com/forums/posts/112925/}
}

@online{url33b9afa7,
    url = {https://en.wikipedia.org/wiki/Tropanserin}
}

@online{urlbbf01b57,
    url = {http://raypeat.com/articles/}
}

@online{url51d2f5b5,
    url = {https://raypeatforum.com/forum/viewtopic.php?f=10&t=4229}
}

@online{url2ed6f765,
    url = {https://www.ncbi.nlm.nih.gov/pubmed/12663935}
}

@online{urla775051a,
    url = {https://www.ncbi.nlm.nih.gov/m/pubmed/10748226/}
}

@online{urlde55eda8,
    url = {https://www.ncbi.nlm.nih.gov/pmc/articles/PMC5579609/}
}

@online{urlf05ab54f,
    url = {https://www.ncbi.nlm.nih.gov/pmc/articles/PMC4288432/}
}

@online{urlcc3bf103,
    url = {https://www.newscientist.com/article/dn18773-nicotine-tied-to-alzheimers-risk/}
}

@online{urle5fce005,
    url = {https://www.medicalnewstoday.com/articles/260354.php}
}

@online{url43201017,
    url = {https://www.jneurosci.org/content/21/10/3572.full}
}

@online{url075c84b0,
    url = {https://www.ncbi.nlm.nih.gov/m/pubmed/15554266/}
}

@online{url6b786d30,
    url = {https://www.google.com/search?ie=UTF-8&client=ms-android-samsung&source=android-browser&q=Mirtazapine+serotonin+syndrome}
}

@online{url70db8083,
    url = {https://accp1.onlinelibrary.wiley.com/doi/10.1002/j.1552-4604.1964.tb00102.x}
}