@online{url8ce157ad,
    url = {https://www.ahajournals.org/doi/10.1161/HYPERTENSIONAHA.119.12926}
}

@online{urlcd15cee7,
    url = {https://www.eurekalert.org/pub_releases/2019-12/aha-lwh121719.php}
}

@online{url01u2jdn,
    url = {https://www.uq.edu.au/news/article/2020/12/update-uq-covid-19-vaccine}
}

@online{url90u23jkd,
    url = {https://raypeatforum.com/community/threads/one-of-the-first-to-get-pfizer-vaccine.37720/post-585639}
}

@online{urlaoi1h90d,
    url = {https://tjvnews.com/coronavirus/australia-ends-covid-19-vaccine-trials-after-participants-test-positive-for-hiv-antibody/}
}

@online{url3e0c4006,
    url = {https://science.sciencemag.org/content/356/6335/320}
}

@online{url743308be,
    url = {https://phys.org/news/2017-04-environmental-memories.html}
}

@online{urle171b036,
    url = {https://www.sciencealert.com/scientists-observe-epigenetic-memories-passed-down-for-14-generations-most-animal}
}

@online{url54a50c05,
    url = {https://www.encyclopedia.com/science/dictionaries-thesauruses-pictures-and-press-releases/weismanns-doctrine}
}

@online{url27ee3875,
    url = {https://en.wikipedia.org/wiki/Iatrogenesis}
}

@online{url0975794d,
    url = {https://journals.plos.org/plosone/article?id=10.1371/journal.pone.0220215}
}

@online{url71314b8d,
    url = {https://neurosciencenews.com/genetics-health-15342/?fbclid=IwAR2QiBUFFV3z-SwzhS3qAYA6bZIIwVIGmTF5KQpt-ojNpRLkmFiPhpYFaIE}
}

@online{url0a2d5925,
    url = {https://journals.sagepub.com/doi/pdf/10.2217/17455057.5.2.101}
}

@online{url1c797ed5,
    url = {https://www.fertstert.org/article/S0015-0282(15)02087-7/fulltext}
}

@online{urlb2df81e8,
    url = {https://academic.oup.com/hropen/article/2017/2/hox008/3957910}
}

@online{urlfa5d7b51,
    url = {https://www.ncbi.nlm.nih.gov/pubmed/31419810}
}

@online{urld23db56c,
    url = {https://www.servicewomen.org/wp-content/uploads/2018/12/2018ReproReport_SWAN-2.pdf}
}

@online{url1b9f4de6,
    url = {https://www.military.com/daily-news/2019/12/17/air-force-awards-50000-grant-help-treat-infertility-airmen.html}
}

@online{url52732a7a,
    url = {https://www.military.com/air-force}
}

@online{url34960fa8,
    url = {https://www.cdc.gov/reproductivehealth/infertility/index.htm}
}

@online{urld8410d61,
    url = {https://raypeatforum.com/community/threads/a-piece-of-dough-can-learn-just-like-animals-and-humans.13199/}
}

@online{url198aba50,
    url = {http://www.gutenberg.org/ebooks/18986}
}

@online{url4bdba352,
    url = {https://www.cell.com/matter/fulltext/S2590-2385(19)30289-9}
}

@online{urlba4365b0,
    url = {https://www.popularmechanics.com/science/a30139271/scientists-train-plastic-walk/}
}

@online{url688b86ef,
    url = {https://www.independent.co.uk/life-style/gadgets-and-tech/news/plastic-walking-robotics-tampere-a9232801.html?utm_source=reddit.com}
}

@online{url5ebdfa58,
    url = {https://www.ncbi.nlm.nih.gov/pubmed/2178473}
}

@online{urlec4675de,
    url = {https://www.ncbi.nlm.nih.gov/pubmed/6907020}
}

@online{url88023262,
    url = {https://link.springer.com/article/10.1007/BF00421401}
}

@online{urleab70d4d,
    url = {https://en.wikipedia.org/wiki/Pindolol}
}

@online{urla23acffa,
    url = {https://www.frontiersin.org/articles/10.3389/fnbeh.2019.00264/full}
}

@online{url9a1b82fe,
    url = {https://www.technologynetworks.com/tn/news/blood-pressure-drug-may-help-ease-anxiety-induced-by-long-term-heavy-alcohol-use-328368}
}

@online{urleacb658f,
    url = {https://scholar.google.com/scholar?start=10&q=buspirone+serotonin&hl=en&as_sdt=0,20}
}

@online{url2b7341c9,
    url = {https://en.wikipedia.org/wiki/Pyruvate_dehydrogenase}
}

@online{urladf16e2f,
    url = {https://clinicaltrials.gov/ct2/show/NCT03061474}
}

@online{urlee81a7c9,
    url = {https://www.sciencedirect.com/science/article/abs/pii/S0009279705003030}
}

@online{url4373440e,
    url = {https://www.ncbi.nlm.nih.gov/pmc/articles/PMC5718515/}
}

@online{url4d9c51e3,
    url = {https://www.frontiersin.org/articles/10.3389/fendo.2015.00007/full}
}

@online{url02e4dd26,
    url = {https://www.fasebj.org/doi/abs/10.1096/fasebj.2018.32.1_supplement.lb317}
}

@online{urlc9b6c251,
    url = {https://www.ncbi.nlm.nih.gov/pubmed/18942377}
}

@online{url3ce4fa2e,
    url = {https://elifesciences.org/articles/47866}
}

@online{url5cebc90a,
    url = {https://www.eurekalert.org/pub_releases/2019-12/si-adc121019.php}
}

@online{urld0f3e9ca,
    url = {https://www.cnn.com/2017/05/26/health/alzheimers-disease-deaths-us-increase/}
}

@online{urlf9e8f5a7,
    url = {https://www.bbc.com/news/health-28125265}
}

@online{url67f35ede,
    url = {https://www.nature.com/articles/252586a0}
}

@online{url590f66a0,
    url = {https://link.springer.com/article/10.1007/s00213-019-05417-7}
}

@online{url1df76ace,
    url = {https://raypeatforum.com/community/threads/estrogen-potentiates-the-effects-of-chronic-stress.9215/}
}

@online{url600eae44,
    url = {https://raypeatforum.com/community/threads/millennials-will-likely-die-earlier-than-gen-x-due-to-poor-er-health.31877/}
}

@online{urlcfec28e4,
    url = {https://raypeatforum.com/community/threads/if-current-trends-hold-soon-the-entire-population-may-become-autistic.30652/}
}

@online{urle1437dc4,
    url = {https://www.mindsharepartners.org/mentalhealthatworkreport}
}

@online{url37abc258,
    url = {https://hbr.org/2019/10/research-people-want-their-employers-to-talk-about-mental-health}
}

@online{url05734e86,
    url = {https://www.cnbc.com/2019/10/11/mental-health-issues-cause-record-numbers-of-gen-x-z-to-leave-jobs.html}
}

@online{urlb21037d1,
    url = {https://www.sciencedaily.com/releases/2019/03/190315110908.htm}
}

@online{url049f237a,
    url = {https://childrenshealthdefense.org/defender/protecting-kids-teens-noncompliance/}
}

@online{urlb8cf12f4,
    url = {https://raypeatforum.com/community/threads/low-dose-methylene-blue-mb-may-stop-alzheimer-disease-ad.32006/}
}

@online{url26a5f75c,
    url = {https://raypeatforum.com/community/threads/lsd-enters-clinical-trials-for-alzheimer-disease-ad.32450/}
}

@online{url17d65dd9,
    url = {https://raypeatforum.com/community/threads/increasing-metabolism-may-reverse-alzheimer-disease-ad-and-general-aging.32446/}
}

@online{url2f950314,
    url = {http://www.bbc.com/news/health-28125265}
}

@online{urld83987fb,
    url = {https://elifesciences.org/articles/50069}
}

@online{url5286fc12,
    url = {https://www.asianscientist.com/2019/12/in-the-lab/metabolic-dysfunction-alzheimers-disease/}
}

@online{urlffeacf0e,
    url = {https://www.ncbi.nlm.nih.gov/pmc/articles/PMC4789584/}
}

@online{url84bf31ad,
    url = {https://www.sciencedirect.com/science/article/abs/pii/S0944711318302927?via=ihub}
}

@online{urlbac3fd87,
    url = {https://www.sciencedirect.com/science/article/abs/pii/S0308814612012940?via=ihub}
}

@online{url8369b3fe,
    url = {https://en.wikipedia.org/wiki/Template:Terpenoids}
}

@online{url70304d86,
    url = {https://en.wikipedia.org/wiki/Mycobacterium_avium_subspecies_paratuberculosis}
}

@online{url4c10d57e,
    url = {https://www.ncbi.nlm.nih.gov/pmc/articles/PMC2702967/}
}

@online{url6eb7a65f,
    url = {https://www.sciencedirect.com/science/article/abs/pii/S0960076019304698?via=ihub}
}

@online{urlea0fed4e,
    url = {https://medicalxpress.com/news/2019-12-vitamin-d-infection.html}
}

@online{url62cd1cc5,
    url = {https://www.ncbi.nlm.nih.gov/pubmed/23924903}
}

@online{url8ceceb90,
    url = {https://www.ncbi.nlm.nih.gov/pubmed/29306952}
}

@online{url4df668ef,
    url = {https://www.karger.com/Article/FullText/485132}
}

@online{urlf0684342,
    url = {https://www.ncbi.nlm.nih.gov/pubmed/28994020}
}

@online{url6d10fb95,
    url = {https://www.ncbi.nlm.nih.gov/pubmed/31926498}
}

@online{url02805cde,
    url = {https://www.ncbi.nlm.nih.gov/pubmed/30611121}
}

@online{urla1859936,
    url = {https://www.ncbi.nlm.nih.gov/pubmed/29208972}
}

@online{urlea7743a3,
    url = {https://www.ncbi.nlm.nih.gov/pubmed/29039981}
}

@online{urlb3cba16a,
    url = {https://www.ncbi.nlm.nih.gov/pubmed/26054653}
}

@online{url20ba5e93,
    url = {https://www.unmc.edu/news.cfm?match=12374}
}

@online{url878960fd,
    url = {https://www.nature.com/articles/s41598-019-56874-1}
}

@online{url25d790b7,
    url = {https://www.sciencedirect.com/science/article/pii/S1156523316302232?via=ihub}
}

@online{url2c1b5b9a,
    url = {https://www.ncbi.nlm.nih.gov/m/pubmed/22589721/?i=86&from=antifungal vitamin d}
}

@online{urlf9c73c2e,
    url = {https://www.ncbi.nlm.nih.gov/m/pubmed/16807549/?i=151&from=antifungal vitamin d}
}

@online{url5851c134,
    url = {https://www.ncbi.nlm.nih.gov/m/pubmed/31945466/?i=1&from=vdr d3}
}

@online{urld5379b67,
    url = {http://www.jbc.org/content/244/8/2210.full.pdf}
}

@online{url286a3fbf,
    url = {https://www.lewrockwell.com/2021/01/no_author/when-no-one-was-looking-dietary-supplements-cured-cancer-covid-19/}
}

@online{url6baf4f0b,
    url = {https://pubmed.ncbi.nlm.nih.gov/12369253/}
}

@online{url80e2a453,
    url = {https://en.wikipedia.org/wiki/Serotonin}
}

@online{url810670b1,
    url = {https://en.wikipedia.org/wiki/Norepinephrine}
}

@online{url7d8cd4e3,
    url = {https://en.wikipedia.org/wiki/Norepinephrine_transporter}
}

@online{url105b795e,
    url = {https://en.wikipedia.org/wiki/Dopamine}
}

@online{url81971ba3,
    url = {https://en.wikipedia.org/wiki/D2_receptor}
}

@online{urlf549f08a,
    url = {https://en.wikipedia.org/wiki/Dopamine_transporter}
}

@online{url7635b5ca,
    url = {https://en.wikipedia.org/wiki/Acetylcholine}
}

@online{url17398c1f,
    url = {https://en.wikipedia.org/wiki/Anticholinergic}
}

@online{url4a25f24e,
    url = {https://en.wikipedia.org/wiki/Muscarinic_acetylcholine_receptor}
}

@online{url6a518e24,
    url = {https://en.wikipedia.org/wiki/Epinephrine}
}

@online{url9336ed08,
    url = {https://en.wikipedia.org/wiki/Adrenergic_receptor}
}

@online{urle81e45b1,
    url = {https://en.wikipedia.org/wiki/Orthostatic_hypotension}
}

@online{url2efd5833,
    url = {https://en.wikipedia.org/wiki/Sigma_receptor}
}

@online{urlb5f815aa,
    url = {https://en.wikipedia.org/wiki/Wikipedia:Citation_needed}
}

@online{urlef7eee3f,
    url = {https://en.wikipedia.org/wiki/Histamine}
}

@online{urlbfee08e8,
    url = {https://en.wikipedia.org/wiki/H1_receptor}
}

@online{urlde69ad98,
    url = {https://en.wikipedia.org/wiki/BDNF}
}

@online{urlac5df634,
    url = {https://en.wikipedia.org/wiki/Histone_deacetylase_5}
}

@online{url7b63461c,
    url = {https://downloads.hindawi.com/archive/1994/204305.pdf}
}

@online{url7a5372d3,
    url = {https://journals.plos.org/plosbiology/article?id=10.1371/journal.pbio.3000559&utm_source=feedburner&utm_medium=feed&utm_campaign=Feed:+plosbiology/NewArticles+(PLOS+Biology+-+New+Articles)}
}

@online{url8f581457,
    url = {https://www.aninews.in/news/health/diet-easily-affects-quality-of-sperm-find-researchers20191229130101/}
}

@online{urlce2e4a10,
    url = {https://www.amazon.com/Augason-Farms-White-Granulated-Sugar/dp/B00K5Y5ZGA/ref=sr_1_7?dchild=1&keywords=sugar+bulk&qid=1578899417&s=grocery&sr=1-7}
}

@online{urlaa263264,
    url = {https://en.wikipedia.org/wiki/Proton-pump_inhibitor#Adverse_effects}
}

@online{urld72c4629,
    url = {https://en.wikipedia.org/wiki/Selective_serotonin_reuptake_inhibitor#Side_effects}
}

@online{url3c85dc11,
    url = {https://pediatrics.aappublications.org/content/early/2020/01/13/peds.2019-2325?sso=1&sso_redirect_count=1&nfstatus=401&nftoken=00000000-0000-0000-0000-000000000000&nfstatusdescription=ERROR:+No+local+token}
}

@online{url91d7b091,
    url = {https://www.sciencedaily.com/releases/2020/01/200107165048.htm}
}

@online{urlf0a23c47,
    url = {https://raypeatforum.com/community/threads/psychiatric-diagnoses-are-worthless-most-mental-illness-stems-from-stress-trauma.30070/}
}

@online{urled1d754c,
    url = {https://raypeatforum.com/community/threads/schizophrenia-psychosis-linked-to-traumatic-experience-and-stress.10244/}
}

@online{urlcd2d2d91,
    url = {https://raypeatforum.com/community/threads/vast-majority-90-of-depression-cases-are-caused-by-stress.29842/}
}

@online{url9d8d1995,
    url = {https://raypeatforum.com/community/threads/chronic-stress-adversity-lowers-dopamine-and-causes-mental-illness.31876/}
}

@online{url28e21dae,
    url = {https://raypeatforum.com/community/threads/blocking-stress-adrenaline-just-once-cures-ptsd-and-maybe-any-mental-disorder.28622/}
}

@online{urlc0d26586,
    url = {https://www.theatlantic.com/science/archive/2018/11/diminishing-returns-science/575665/}
}

@online{url712fa42d,
    url = {http://backreaction.blogspot.com/2018/11/the-present-phase-of-stagnation-in.html}
}

@online{url2e84e7c7,
    url = {https://raypeatforum.com/community/threads/a-fundamental-tenet-in-quantum-physics-may-be-nothing-but-a-scam.32012/}
}

@online{url5268f75e,
    url = {https://arxiv.org/abs/1709.03595}
}

@online{urld7230e13,
    url = {https://www.npr.org/sections/13.7/2010/08/17/129250892/res-extensa-res-potentia-and-the-poised-realm}
}

@online{urle50041a8,
    url = {https://www.wbur.org/npr/133318986/what-is-consciousness-a-hypothesis}
}

@online{url92fa1b2b,
    url = {https://www.sciencenews.org/blog/context/quantum-mysteries-dissolve-if-possibilities-are-realities}
}

@online{urld4988e13,
    url = {https://www.sciencenews.org/blog/context/tom’s-top-10-interpretations-quantum-mechanics}
}

@online{url3d52f113,
    url = {http://www.informationphilosopher.com/solutions/scientists/kastner/}
}

@online{urle1173202,
    url = {https://www.systemsbiology.org/bio/stu-kauffman/}
}

@online{url31a89f65,
    url = {http://www.csus.edu/cpns/epperson/}
}

@online{urlffaf1416,
    url = {https://archive.org/stream/PhysicsPhilosophy/Heisenberg-PhysicsPhilosophy_djvu.txt}
}

@online{url3d20cc8c,
    url = {https://ia600207.us.archive.org/20/items/theoryofnaturalp00boscrich/theoryofnaturalp00boscrich.pdf}
}

@online{url181e3ade,
    url = {https://archive.schillerinstitute.com/fid_91-96/921_footsteps_soc_plato.html}
}

@online{urlcc32ee0c,
    url = {https://wlym.com/archive/campaigner/7806.pdf}
}

@online{url339f3827,
    url = {https://en.wikipedia.org/wiki/5α-Reductase}
}

@online{url8aeb49c7,
    url = {https://en.wikipedia.org/wiki/Finasteride}
}

@online{url5faa5fb2,
    url = {https://en.wikipedia.org/wiki/Finasteride#Controversy}
}

@online{url0fd1c059,
    url = {https://genesandnutrition.biomedcentral.com/articles/10.1186/s12263-017-0555-5}
}

@online{url07f3faf4,
    url = {https://www.ncbi.nlm.nih.gov/pmc/articles/PMC5835337/}
}

@online{url3633faf1,
    url = {https://i.pinimg.com/474x/4b/20/33/4b2033127c55dd5ff870a2bed4c37527--normal-blood-sugar-level-blood-sugar-level-chart.jpg}
}

@online{url0d2196a5,
    url = {https://www.jbc.org/article/S0021-9258(17)30647-6/fulltext}
}

@online{urle06293e0,
    url = {https://www.sciencemag.org/news/2020/01/fda-and-nih-let-clinical-trial-sponsors-keep-results-secret-and-break-law}
}

@online{url8acedaa0,
    url = {https://www.sciencemag.org/news/2020/01/clinical-scofflaws}
}

@online{url54de2310,
    url = {https://www.bitchute.com/video/6AdFEGySoKDi/}
}

@online{url70767dae,
    url = {https://raypeatforum.com/community/posts/370919}
}

@online{url42531c7c,
    url = {https://clinicaltrials.gov/ct2/show/NCT00001598}
}

@online{url55138c33,
    url = {https://arstechnica.com/science/2018/02/testosterone-may-protect-men-from-autoimmune-diseases/}
}

@online{url5954af76,
    url = {https://www.ncbi.nlm.nih.gov/pubmed/25765436}
}

@online{url02033f8d,
    url = {https://www.ibyme.org.ar/archivos/capacitacion/giatti-2012-l-garay-de-nicola.pdf}
}

@online{urlf717fe9b,
    url = {https://www.ncbi.nlm.nih.gov/pubmed/31957088}
}

@online{url938052bc,
    url = {https://www.news-medical.net/news/20200123/Study-reveals-presence-of-functional-extracellular-mitochondria-in-the-bloodstream.aspx}
}

@online{url62593d09,
    url = {https://www.ncbi.nlm.nih.gov/pubmed/31809211}
}

@online{url0be7988d,
    url = {https://www.manchester.ac.uk/discover/news/long-term-risks-cast-further-doubt-on-the-use-of-viagra-for-foetal-therapy/?utm_source=Reddit&utm_medium=Social&utm_campaign=News}
}

@online{urlf19700d2,
    url = {https://www.nature.com/articles/s41598-019-56904-y}
}

@online{urld6b94db1,
    url = {https://medicaldialogues.in/medicine/news/vitamin-d-reduces-blood-sugar-and-body-fat-in-obese-indian-women-aiims-study-62040}
}

@online{url1be9218f,
    url = {https://www.ncbi.nlm.nih.gov/pubmed/13910525}
}

@online{url1987db78,
    url = {https://www.ncbi.nlm.nih.gov/pubmed/5527519}
}

@online{url8619b77b,
    url = {https://www.ncbi.nlm.nih.gov/pubmed/13987849}
}

@online{urlefc1e6b5,
    url = {http://www.ncbi.nlm.nih.gov/pubmed/14324165}
}

@online{urld64d194e,
    url = {https://www.ncbi.nlm.nih.gov/pubmed/18033297}
}

@online{url05d5943e,
    url = {https://medicalxpress.com/news/2015-12-accidental-discovery-young-longer.html}
}

@online{url4f5a0068,
    url = {https://www.ncbi.nlm.nih.gov/pubmed/13987861}
}

@online{urlb81c24ae,
    url = {https://www.ncbi.nlm.nih.gov/pubmed/14132406}
}

@online{url3f05da63,
    url = {https://www.ncbi.nlm.nih.gov/pubmed/14067448}
}

@online{url9f6a11e2,
    url = {http://www.jofamericanscience.org/journals/am-sci/am130417/03_31829jas130417_24_36.pdf}
}

@online{url32e2695b,
    url = {https://www.ncbi.nlm.nih.gov/pmc/articles/PMC6070075/}
}

@online{url7f619070,
    url = {https://raypeatforum.com/community/attachments/16341/}
}

@online{url90e3f84c,
    url = {https://www.karger.com/Article/Abstract/135903}
}

@online{url40de1381,
    url = {https://doi.org/10.1309/AJCPDMWVGKW9N1CU}
}

@online{urle9bf541f,
    url = {https://en.wikipedia.org/wiki/Polysorbate_80}
}

@online{urld8284a7a,
    url = {https://en.wikipedia.org/wiki/Lipopolysaccharide}
}

@online{urlb46ddfef,
    url = {https://en.wikipedia.org/wiki/TLR4}
}

@online{urle590ddd5,
    url = {https://en.wikipedia.org/wiki/Cavernous_hemangioma}
}

@online{urlcbeea83a,
    url = {https://www.foxnews.com/food-drink/20-year-old-mcdonalds-burger-cardboard}
}

@online{urle8d76fc3,
    url = {https://stm.sciencemag.org/content/11/520/eaaw3521.abstract}
}

@online{url454c26b7,
    url = {https://www.gutmicrobiotaforhealth.com/en/a-new-mechanism-identifies-a-gut-brain-axis-in-cerebral-cavernous-malformation/}
}

@online{urlbe3985e0,
    url = {https://www.ncbi.nlm.nih.gov/pubmed/25731162}
}

@online{url7dc260c0,
    url = {http://trylivingorganic.com/2013/03/13/pgpr-in-my-chocolate-bar/}
}

@online{url1164caac,
    url = {https://www.accessdata.fda.gov/drugsatfda_docs/label/2004/21163s011lbl.pdf}
}

@online{url26848544,
    url = {https://archivepp.com/storage/models/article/kBjNfVhCBKrveIqaSDAzAHQ2xPil8YzQxczx0XK7agtHp5HrmUzPRZagkaPW/gum-arabic-as-a-natural-product-with-antimicrobial-and-anticancer-activities.pdf}
}

@online{urlf3efb2d1,
    url = {https://onlinelibrary.wiley.com/doi/10.1111/all.15825}
}

@online{url6029ba69,
    url = {https://en.wikipedia.org/wiki/Glyphosate#Legal_cases}
}

@online{url7fe64f37,
    url = {https://raypeatforum.com/community/posts/479781}
}

@online{url9535724d,
    url = {https://en.wikipedia.org/wiki/Fear,_uncertainty,_and_doubt}
}

@online{urlc9c9715b,
    url = {https://www.biorxiv.org/content/biorxiv/early/2016/05/26/055699.full.pdf}
}

@online{url1398e747,
    url = {https://www.saferemr.com/2016/05/national-toxicology-progam-finds-cell.html}
}

@online{url77c678b4,
    url = {https://qz.com/1241867/cell-phone-radiation-can-cause-cancer-in-rats-according-to-the-final-results-of-a-us-government-study/}
}

@online{urld068746a,
    url = {https://www.theguardian.com/technology/2018/jul/14/mobile-phones-cancer-inconvenient-truths}
}

@online{urle185f6b2,
    url = {https://www.nabr.org/biomedical-research/laboratory-animals/species-in-research/mice-and-rats/}
}

@online{url9f255dba,
    url = {http://www.goaegis.com/articles/gcarlo_100799.html}
}

@online{urle500c48d,
    url = {https://www.rfsafe.com/wp-content/uploads/2014/06/cell-phone-radiation-war-gaming-memo.pdf}
}

@online{url8ccc6b89,
    url = {https://www.ncbi.nlm.nih.gov/pmc/articles/PMC1797826/}
}

@online{url2c91cade,
    url = {https://drive.google.com/file/d/0B14R6QNkmaXuelFrNWRQcThNV0U/view}
}

@online{url8041a79b,
    url = {https://www.acsh.org/news/2017/02/28/uc-berkeley-psychologist-joel-moskowitz-cell-phone-wi-fi-truther-10928}
}

@online{url74cbb978,
    url = {http://www.plenish.com}
}

@online{url523e9f9c,
    url = {https://www.nature.com/articles/s41598-017-12624-9}
}

@online{urlfb4eb5ab,
    url = {https://journals.plos.org/plosone/article?id=10.1371/journal.pone.0132672}
}

@online{url952610c1,
    url = {https://academic.oup.com/endo/advance-article/doi/10.1210/endocr/bqz044/5698148?searchresult=1}
}

@online{url4c05b047,
    url = {https://ucrtoday.ucr.edu/30416}
}

@online{urlcdd9a98b,
    url = {http://www.niddk.nih.gov/health-information/health-topics/Diabetes/insulin-resistance-prediabetes/Pages/index.aspx}
}

@online{urld9d00172,
    url = {http://www.sladeklab.ucr.edu/people.shtml}
}

@online{url7933845a,
    url = {http://www.sladeklab.ucr.edu/aboutpi.html}
}

@online{url727563cb,
    url = {https://ucrtoday.ucr.edu/49169}
}

@online{urld998b502,
    url = {https://www.plenish.com/}
}

@online{url1e7c6b04,
    url = {http://www.dupont.com/}
}

@online{url51905694,
    url = {http://www.nature.com/articles/s41598-017-12624-9}
}

@online{urld255e09a,
    url = {http://cbns.ucr.edu/faculty/sladek.html}
}

@online{url361ec59f,
    url = {http://cbns.ucr.edu/}
}

@online{url5cd82d00,
    url = {https://www.linkedin.com/in/poonamjot-deol-98a6025b/}
}

@online{url69fd0ba5,
    url = {http://www.sladeklab.ucr.edu/index.shtml}
}

@online{url495b6905,
    url = {https://news.ucr.edu/articles/2020/01/17/americas-most-widely-consumed-oil-causes-genetic-changes-brain}
}

@online{url89b0e384,
    url = {https://www.ers.usda.gov/topics/crops/soybeans-oil-crops/oil-crops-sector-at-a-glance/}
}

@online{url49761b3e,
    url = {https://www.nature.com/articles/s42255-019-0160-6}
}

@online{url50411b23,
    url = {https://www.eurekalert.org/pub_releases/2020-01/yu-kdw012720.php}
}

@online{url1c460fde,
    url = {https://holistichealthjam.com/is-diabetes-an-infection/}
}

@online{urle951073a,
    url = {https://flippa.com/10432730-advertising-health-and-beauty}
}

@online{url27644ac3,
    url = {https://academic.oup.com/ckj/article/11/4/528/4616523}
}

@online{urle560257e,
    url = {https://www.ahajournals.org/doi/10.1161/JAHA.119.011960}
}

@online{url6aeb6eaa,
    url = {https://www.naturalnews.com/2020-01-30-vitamin-k-reduces-arterial-stiffness-improves-blood-pressure.html}
}

@online{url0693612e,
    url = {https://www.worldhealth.net/news/vitamin-k-may-help-reduce-arterial-stiffness-improve-blood-pressure/}
}

@online{urlea77a46a,
    url = {https://nursing.ceconnection.com/ovidfiles/00129334-201905000-00003.pdf}
}

@online{url1f426515,
    url = {https://raypeatforum.com/community/threads/your-vitamin-k2-experience.1475/page-3}
}

@online{url98017dba,
    url = {https://en.wikipedia.org/wiki/The_Selfish_Gene}
}

@online{url3dde38da,
    url = {https://en.wikipedia.org/wiki/Jack_Weinberg#"Don't_trust_anyone_over_30"}
}

@online{url88dceb33,
    url = {https://www.nature.com/articles/s41598-020-58645-9}
}

@online{url44369691,
    url = {https://www.sciencedaily.com/releases/2020/02/200204091354.htm}
}

@online{url9d7f5431,
    url = {https://www.dailystar.co.uk/news/weird-news/psychopaths-make-best-doctors-because-20561310}
}

@online{url96da6387,
    url = {https://www.webmd.com/mental-health/news/20180508/doctors-suicide-rate-highest-of-any-profession}
}

@online{url8e24e011,
    url = {https://bmjopen.bmj.com/content/10/1/e031765.full}
}

@online{url718b46aa,
    url = {http://www.pulsetoday.co.uk/news/a-third-of-gps-suffer-from-compassion-fatigue/20040043.article}
}

@online{urld8c406c6,
    url = {more-than-30-of-gp-doctors-suffer-from-compassion-fatigue.33085.html}
}

@online{url0bfecd27,
    url = {https://www.google.com/search?q="The+right+to+be+rude:+managing+of+conflict"+filetype:pdf}
}

@online{url512308ad,
    url = {https://en.wikipedia.org/wiki/Diagnostic_and_Statistical_Manual_of_Mental_Disorders}
}

@online{urlc4c608ad,
    url = {https://content.iospress.com/articles/journal-of-alzheimers-disease/jad190862}
}

@online{urlf28be696,
    url = {https://www.sciencedaily.com/releases/2020/01/200125090727.htm}
}

@online{url3b165a69,
    url = {https://scitechdaily.com/low-dose-lithium-may-stop-alzheimers-disease-in-its-tracks/}
}

@online{urle7ef98c8,
    url = {https://pubmed.ncbi.nlm.nih.gov/32642922/}
}

@online{urldaa214bb,
    url = {https://beforeitsnews.com/eu/2012/12/lithium-orotate-stops-alzheimers-2488838.html?utm_source=dlvr.it&utm_medium=twitter}
}

@online{url88369272,
    url = {https://www.ncbi.nlm.nih.gov/pubmed/1699579}
}

@online{url092252b4,
    url = {https://www.ncbi.nlm.nih.gov/pubmed/4607169}
}

@online{urla52dbdcf,
    url = {https://www.ncbi.nlm.nih.gov/pubmed/3718672}
}

@online{url714b7f66,
    url = {https://www.ncbi.nlm.nih.gov/pubmed/10367558}
}

@online{url5e7c6e3a,
    url = {https://www.ncbi.nlm.nih.gov/pmc/articles/PMC3532311/}
}

@online{url95c104c9,
    url = {https://www.ncbi.nlm.nih.gov/pubmed/24831467}
}

@online{url1294a8a4,
    url = {https://www.ncbi.nlm.nih.gov/pubmed/12154153}
}

@online{url57591c7d,
    url = {https://www.ncbi.nlm.nih.gov/pubmed/22796912}
}

@online{url33a0a63b,
    url = {https://onlinelibrary.wiley.com/doi/abs/10.1002/syn.890010302?systemMessage=Wiley+Online+Library+will+be+disrupted+on+7th+March+from+10:00-13:00+GMT+(05:00-08:00+EST)+for+essential+maintenance.++Apologies+for+the+inconvenience}
}

@online{urlf0c18fb8,
    url = {https://www.ncbi.nlm.nih.gov/pmc/articles/PMC3574462/}
}

@online{url52906a17,
    url = {https://www.ncbi.nlm.nih.gov/pubmed/270894}
}

@online{url2110d826,
    url = {https://www.ncbi.nlm.nih.gov/pmc/articles/PMC3172812}
}

@online{url069ac02d,
    url = {https://www.ncbi.nlm.nih.gov/pubmed/30293574}
}

@online{url931dfa71,
    url = {https://www.ncbi.nlm.nih.gov/pmc/articles/PMC3863886/}
}

@online{urld5029d25,
    url = {https://onlinelibrary.wiley.com/doi/abs/10.1002/jtra.20005}
}

@online{url3c8a0799,
    url = {https://www-nature-com.eu1.proxy.openathens.net/articles/nrneurol.2016.112}
}

@online{url42ee14aa,
    url = {https://www-nature-com.eu1.proxy.openathens.net/articles/mp201696}
}

@online{url75d9829f,
    url = {https://www.ncbi.nlm.nih.gov/pmc/articles/PMC6593079/}
}

@online{url05d9715c,
    url = {https://journals.lww.com/clinnutrinsight/Citation/2010/07000/Vitamin_E_Effective_for_Nonalcoholic.4.aspx}
}

@online{url7223eb24,
    url = {https://www.ncbi.nlm.nih.gov/pubmed/31651429}
}

@online{urlbdf32a29,
    url = {https://www.sciencedirect.com/science/article/pii/S1319562X11000507}
}

@online{urla00ef263,
    url = {https://acgrace.com}
}

@online{url3b02dd78,
    url = {https://en.wikipedia.org/wiki/Amyotrophic_lateral_sclerosis}
}

@online{url32909d5a,
    url = {https://healthcare.utah.edu/publicaffairs/news/2014/09/09-19-2014ShawStudy.php}
}

@online{url9c470194,
    url = {https://today.oregonstate.edu/archives/2014/jun/findings-point-toward-one-first-therapies-lou-gehrig’s-disease}
}

@online{urlbe086c00,
    url = {https://www.ibtimes.co.uk/als-shockingly-successful-copper-atsm-mice-trials-show-first-signs-prolonging-life-1540816}
}

@online{url73da6ef5,
    url = {https://www.ncbi.nlm.nih.gov/pubmed/32022482}
}

@online{url29db90e8,
    url = {https://onlinelibrary.wiley.com/doi/full/10.1002/acn3.50977}
}

@online{url3e21e801,
    url = {https://www.thesun.co.uk/tech/12430732/cyborg-peter-scott-morgan-robot-motor-neuron-disease/}
}

@online{urle696a44d,
    url = {https://pubmed.ncbi.nlm.nih.gov/3809170/}
}

@online{url36abc1f3,
    url = {https://raypeatforum.com/community/threads/ssri-make-organisms-demented-violent-homicidal-even-at-low-doses.20528/}
}

@online{urle8dc9fd6,
    url = {https://raypeatforum.com/community/threads/ssri-drugs-impair-judgment-wisdom-understanding-love-and-empathy.17872/}
}

@online{url0444a9d0,
    url = {https://raypeatforum.com/community/threads/antidepressants-ssri-make-females-unattractive-provoke-male-aggression.27082/}
}

@online{url62b0b37a,
    url = {https://jaoa.org/article.aspx?articleid=2761944}
}

@online{urlde9854a3,
    url = {https://www.insider.com/antidepressants-depression-drugs-work-study-2018-2}
}

@online{url6e86b8f0,
    url = {https://en.wikipedia.org/wiki/Takotsubo_cardiomyopathy}
}

@online{url30e150e9,
    url = {https://www.ncbi.nlm.nih.gov/pubmed/23562114}
}

@online{url0ed62109,
    url = {https://en.wikipedia.org/wiki/Atrial_fibrillation}
}

@online{url5cdedc2a,
    url = {https://slate.com/technology/2015/02/fda-inspections-fraud-fabrication-and-scientific-misconduct-are-hidden-from-the-public-and-doctors.html}
}

@online{urle9477125,
    url = {https://en.wikipedia.org/wiki/11β-Hydroxysteroid_dehydrogenase_type_1}
}

@online{url3ed7803a,
    url = {https://www.sciencedirect.com/science/article/abs/pii/S0002870319303047?via=ihub}
}

@online{url8bb79a42,
    url = {https://eurekalert.org/pub_releases/2020-02/uos-cmm020920.php}
}

@online{urlf556523f,
    url = {https://www.brisbanetimes.com.au/lifestyle/life-and-relationships/common-medication-could-reduce-risk-of-death-from-a-broken-heart-20200204-p53xin.html}
}

@online{urlb5231aad,
    url = {https://en.wikipedia.org/wiki/Estrogen}
}

@online{url33eea51a,
    url = {https://en.wikipedia.org/wiki/Catecholamine}
}

@online{url100476d3,
    url = {https://en.wikipedia.org/wiki/Glucocorticoid}
}

@online{urlba35c006,
    url = {https://en.wikipedia.org/wiki/Warburg_effect_(oncology)}
}

@online{urlfa1e1ba4,
    url = {https://www.reddit.com/r/science/comments/1yrftf/the_warburg_effect_drives_oncogenesis_researchers/}
}

@online{url3cc2a34a,
    url = {https://raypeatforum.com/community/posts/435177}
}

@online{urlcd84a52a,
    url = {https://raypeatforum.com/community/posts/471183}
}

@online{url5747a47b,
    url = {https://en.wikipedia.org/wiki/Ringer's_lactate_solution}
}

@online{url523882a3,
    url = {https://www.ncbi.nlm.nih.gov/pubmed/30337457}
}

@online{urlab0ac7d5,
    url = {https://www.ncbi.nlm.nih.gov/pubmed/29617642}
}

@online{url231a983b,
    url = {https://www.ncbi.nlm.nih.gov/pubmed/27993896}
}

@online{urlab2b81eb,
    url = {https://www.frontiersin.org/articles/10.3389/fonc.2019.01536/full}
}

@online{url325919e8,
    url = {https://www.news-medical.net/news/20200213/OB-GYNs-recommend-low-dose-aspirin-for-all-patients-to-prevent-preeclampsia.aspx}
}

@online{url3d330b9e,
    url = {https://raypeatforum.com/wiki/index.php/Ray_Peat_Email_Exchanges}
}

@online{url3502d408,
    url = {https://www.functionalps.com/blog/2012/04/22/ray-peat-phd-on-aspirin/}
}

@online{url1a68ff75,
    url = {https://druginserts.com/lib/images-otc/bayer-aspirin-2/bayer-aspirin.jpg}
}

@online{urla5649b92,
    url = {https://en.wikipedia.org/wiki/Drostanolone}
}

@online{url31b9965e,
    url = {https://www.ncbi.nlm.nih.gov/pubmed/31989378/}
}

@online{url7487e468,
    url = {https://efsa.onlinelibrary.wiley.com/doi/10.2903/j.efsa.2019.5775}
}

@online{url1dda9745,
    url = {http://haidut.me/?p=889}
}

@online{url877a6aae,
    url = {https://www.cell.com/cell-reports/fulltext/S2211-1247(20)30083-8}
}

@online{url91b0417f,
    url = {http://www.uq.edu.au/news/article/2020/02/research-reverses-reproductive-clock-mice}
}

@online{url806b9294,
    url = {https://www.uq.edu.au/}
}

@online{urlb4b68bcc,
    url = {http://researchers.uq.edu.au/researcher/13882}
}

@online{url5f080e5d,
    url = {https://raypeatforum.com/community/threads/inosine-increases-nad-nadh-ratio-and-reduces-systemic-inflammation.22194/}
}

@online{url35c67472,
    url = {https://www.sciencedaily.com/releases/2020/02/200218143719.htm}
}

@online{url0453403e,
    url = {https://stke.sciencemag.org/content/13/619/eaay0086}
}

@online{url41d37241,
    url = {https://findaspring.com/}
}

@online{url7a78a3b6,
    url = {https://en.wikipedia.org/wiki/Traumatic_brain_injury}
}

@online{url97862e8a,
    url = {https://en.wikipedia.org/wiki/Progesterone#Brain_damage}
}

@online{url5b478478,
    url = {https://raypeatforum.com/community/posts/497112}
}

@online{url83e5f619,
    url = {https://en.wikipedia.org/wiki/Progesterone_(medication)#Catamenial_epilepsy}
}

@online{url4fac5dc4,
    url = {https://raypeatforum.com/community/posts/449610}
}

@online{url23979958,
    url = {https://onlinelibrary.wiley.com/doi/10.1002/ana.25698}
}

@online{url92f3b96b,
    url = {https://news.ucr.edu/articles/2020/02/27/early-intervention-following-traumatic-brain-injury-reduces-epilepsy-risk}
}

@online{url43dc9e9d,
    url = {https://profiles.ucr.edu/app/home/profile/vijayas}
}

@online{urlb6a2313e,
    url = {https://mcsb.ucr.edu/}
}

@online{urlb1bf0a13,
    url = {https://en.wikipedia.org/wiki/Dentate_gyrus}
}

@online{url85c2c71f,
    url = {https://en.wikipedia.org/wiki/Tumor_lysis_syndrome}
}

@online{urled397a18,
    url = {https://raypeatforum.com/community/threads/lactate-is-an-oncometabolite-promotes-cancer-no-genes-mutations-needed.33083/}
}

@online{url7f531fef,
    url = {https://www.cancer.gov/about-cancer/treatment/types/surgery/photodynamic-fact-sheet}
}

@online{url343c1765,
    url = {https://en.wikipedia.org/wiki/Photodynamic_therapy}
}

@online{url04499476,
    url = {https://en.wikipedia.org/wiki/2,4-Dinitrophenol}
}

@online{urlc0e947e0,
    url = {https://www.ncbi.nlm.nih.gov/pubmed/18276104}
}

@online{url34aa4f1a,
    url = {https://www.sciencemag.org/news/2015/02/banned-weight-loss-drug-could-combat-liver-disease-diabetes}
}

@online{url10988565,
    url = {https://blogs.scientificamerican.com/cross-check/sorry-but-so-far-war-on-cancer-has-been-a-bust/}
}

@online{url3b51fea9,
    url = {http://www.cancer.org/treatment/treatments-and-side-effects/treatment-types/hyperthermia.html}
}

@online{url94c917f2,
    url = {https://www.cancer.gov/about-cancer/treatment/types/surgery/hyperthermia-fact-sheet}
}

@online{urle177bac8,
    url = {https://www.ncbi.nlm.nih.gov/pubmed/1402144}
}

@online{url106b6e55,
    url = {https://www.ncbi.nlm.nih.gov/pubmed/4599460}
}

@online{url4611a294,
    url = {https://www.ncbi.nlm.nih.gov/pubmed/5014576}
}

@online{url413c5155,
    url = {https://www.amazon.com/Spontaneous-Remission-Bibliography-Brendan-ORegan/dp/0943951178/}
}

@online{url1285455e,
    url = {https://raypeatforum.com/community/threads/cold-temperatures-promote-tumor-growth.2809/}
}

@online{urlfea029eb,
    url = {https://raypeatforum.com/community/threads/niacinamide-inhibits-cytotoxic-effects-of-methylene-blue.6744/}
}

@online{urla0fe23ae,
    url = {https://www.sciencemag.org/news/2015/03/does-high-salt-diet-combat-infections}
}

@online{url4be78511,
    url = {https://rupress.org/jem/article/217/4/e20190554/133716/2-adrenergic-signals-downregulate-the-innate?searchresult=1}
}

@online{urlfe1527a4,
    url = {https://en.m.wikipedia.org/wiki/Antihistamine}
}

@online{urle0abac66,
    url = {https://en.m.wikipedia.org/wiki/Alpha-2_blocker}
}

@online{urla2044100,
    url = {https://en.m.wikipedia.org/wiki/Antiserotonergic}
}

@online{urlb337c943,
    url = {https://en.m.wikipedia.org/wiki/Serotonin}
}

@online{url432afcfc,
    url = {https://en.m.wikipedia.org/wiki/5-HT2A_receptor}
}

@online{url73ba2a24,
    url = {https://en.m.wikipedia.org/wiki/5-HT2C_receptor}
}

@online{urlaeb83315,
    url = {https://en.m.wikipedia.org/wiki/Histamine}
}

@online{url83bb0507,
    url = {https://en.m.wikipedia.org/wiki/H1_receptor}
}

@online{urlfeac9c9e,
    url = {https://rupress.org/jem/article/216/3/517/120367/Gαscoupled-receptor-signaling-and-sleep-regulate}
}

@online{urlecbad8ad,
    url = {https://en.wikipedia.org/wiki/Pulmonary_hypertension}
}

@online{url675e2dfb,
    url = {https://en.wikipedia.org/wiki/Terguride}
}

@online{url76409ffa,
    url = {https://en.wikipedia.org/wiki/Lisuride}
}

@online{urlb0ded8a7,
    url = {https://raypeatforum.com/community/posts/502558}
}

@online{url97262801,
    url = {https://www.ncbi.nlm.nih.gov/pmc/articles/PMC4312574/}
}

@online{url7468088a,
    url = {https://erj.ersjournals.com/content/early/2020/01/16/13993003.01700-2019}
}

@online{url8bc658a7,
    url = {https://www.ajol.info/index.php/tjpr/article/view/195844/184903}
}

@online{urlfd07db86,
    url = {https://synapse.koreamed.org/articles/1025933}
}

@online{urlc1f57ea4,
    url = {https://www.ncbi.nlm.nih.gov/pmc/articles/PMC3604064/}
}

@online{url6699ee5e,
    url = {https://www.researchgate.net/publication/46032713_Effects_of_Ginger_on_the_Improvement_of_Asthma_The_Evaluation_of_Its_Treatmental_Effects}
}

@online{url784cef15,
    url = {http://www.ncbi.nlm.nih.gov/pubmed/24452394}
}

@online{url7845666d,
    url = {https://www.nature.com/articles/s42255-020-0169-x}
}

@online{urlb1fd1ba9,
    url = {https://www.sciencedaily.com/releases/2020/02/200221160729.htm}
}

@online{url0e220a3a,
    url = {https://deadspin.com/i-doped-like-maria-sharapova-and-it-was-actually-pretty-1798352480}
}

@online{url76594dcf,
    url = {https://www.takeda-chc.co.jp/en/news/2018/12/20181225_2.html}
}

@online{urlbdda72ce,
    url = {https://raypeatforum.com/community/threads/the-nitric-oxide-no-theory-of-aging.2855/page-2}
}

@online{url9f4c6259,
    url = {https://www.ncbi.nlm.nih.gov/pmc/articles/PMC5100179/}
}

@online{url3152fb2b,
    url = {https://anabolnaturals.com/formula-supplements/inosine/inosine-200-gm-powder.html}
}

@online{url72fb2992,
    url = {https://www.bigdweb.com/product/code/212P.do?gclid=CjwKCAiA3OzvBRBXEiwALNKDP9ZAAgUKzPucKiH93DwreIB3vSH2hqjFHmYVBg-yDjQEY8vyfYvbnhoCPxQQAvD_BwE}
}

@online{url08d487b9,
    url = {https://raypeatforum.com/community/attachments/17161/}
}

@online{url9cd26948,
    url = {https://raypeatforum.com/community/attachments/36b3155c-74fe-4cbd-923e-6360d3d28b67-jpeg.30107/}
}

@online{urlf604f0df,
    url = {https://www.amazon.com/dp/B082XLGSTK?tag=rapef020-20}
}

@online{url334132f0,
    url = {https://www.eurekalert.org/pub_releases/2020-03/e-bep030320.php}
}

@online{url36b8a0d2,
    url = {https://www.biorxiv.org/content/biorxiv/early/2019/10/21/813584.full.pdf}
}

@online{url2202f6e5,
    url = {http://www.cancermind.com/psa-prostate-cancer-apatone-effective/}
}

@online{urldf3550f5,
    url = {https://blogs.sciencemag.org/pipeline/archives/2020/03/02/vitamin-c-and-immuno-oncology}
}

@online{url4a2764d7,
    url = {https://raypeatforum.com/community/posts/339376}
}

@online{urla54b2764,
    url = {http://haidut.me/?p=17}
}

@online{urld82ff969,
    url = {http://haidut.me/?p=441}
}

@online{url46e83a85,
    url = {https://www.ncbi.nlm.nih.gov/pubmed/32119096}
}

@online{url4ad018e6,
    url = {https://www.mdmag.com/medical-news/pregnenolone-decreases-chronic-back-pain-placebo}
}

@online{url76774b32,
    url = {https://www.frontiersin.org/articles/10.3389/fimmu.2019.01141/full}
}

@online{url0f973339,
    url = {https://raypeatforum.com/community/threads/excess-magnesium-chloride-intake-causes-frank-acidosis.26575/page-2}
}

@online{url0f1b7ede,
    url = {https://www.nature.com/articles/s41467-020-15524-1}
}

@online{url6d76f0d2,
    url = {https://en.wikipedia.org/wiki/TLR5}
}

@online{url199c8e18,
    url = {https://en.wikipedia.org/wiki/Ketotifen}
}

@online{url3ebb9ee0,
    url = {https://www.ncbi.nlm.nih.gov/pubmed/20381591}
}

@online{urla7d95468,
    url = {https://www.ncbi.nlm.nih.gov/pubmed/32060608}
}

@online{url1ff65361,
    url = {https://www.ncbi.nlm.nih.gov/pubmed/31989925}
}

@online{urlb380a078,
    url = {https://factor.niehs.nih.gov/2020/3/feature/3-feature-asthma/}
}

@online{url1c7346a2,
    url = {https://www.niehs.nih.gov/health/topics/conditions/asthma/index.cfm}
}

@online{url556af192,
    url = {https://dnaregistry.niehs.nih.gov/}
}

@online{url1e29e011,
    url = {https://raypeatforum.com/community/attachments/30862/}
}

@online{url801e1a28,
    url = {https://en.wikipedia.org/wiki/Corticotropin-releasing_hormone}
}

@online{urleb1cb40a,
    url = {https://en.wikipedia.org/wiki/Paraventricular_nucleus}
}

@online{url11eb1c69,
    url = {https://en.wikipedia.org/wiki/Hypothalamus}
}

@online{url86bebd3c,
    url = {https://en.wikipedia.org/wiki/Stress_(biological)}
}

@online{url1473a2c5,
    url = {https://en.wikipedia.org/wiki/Hypoglycemia}
}

@online{url849edde6,
    url = {https://arthritis-research.biomedcentral.com/articles/10.1186/ar296}
}

@online{urlc785bd97,
    url = {https://www.ncbi.nlm.nih.gov/pmc/articles/PMC2701249/}
}

@online{url731e7482,
    url = {https://www.ncbi.nlm.nih.gov/pubmed/6447124}
}

@online{url688edaf5,
    url = {https://raypeatforum.com/community/posts/426250}
}

@online{url31132c48,
    url = {https://www.ncbi.nlm.nih.gov/pubmed/6894770}
}

@online{urlf5ceee80,
    url = {https://www.ncbi.nlm.nih.gov/pubmed/17878764}
}

@online{urld03e23af,
    url = {https://msystems.asm.org/content/4/4/e00292-18}
}

@online{urlcb03c361,
    url = {https://www.ncbi.nlm.nih.gov/pubmed/29922828}
}

@online{url56aecce8,
    url = {https://www.ncbi.nlm.nih.gov/pubmed/31941473}
}

@online{url8eaea1ba,
    url = {https://www.psychologytoday.com/us/blog/expressive-trauma-integration/202002/ptsd-may-be-risk-factor-autoimmune-disease}
}

@online{url01d1cdbc,
    url = {https://www.ncbi.nlm.nih.gov/pmc/articles/PMC4616240/}
}

@online{urlb4a37dd8,
    url = {https://raypeatforum.com/community/threads/creatine-for-gut-health-crohns-ileitis-ulcerative-colitis-interesting-case-report-on-1g-creatine.47662/}
}

@online{urle4191e65,
    url = {https://www.dougcookrd.com/creatine-for-gut-and-mental-health/}
}

@online{url83817cba,
    url = {https://www.sciencedirect.com/science/article/abs/pii/S1550413120300619?dgcid=rss_sd_all}
}

@online{url22c4c1aa,
    url = {https://www.nih.gov/news-events/news-releases/boosting-energy-levels-within-damaged-nerves-may-help-them-heal}
}

@online{url7d258a88,
    url = {https://raypeatforum.com/community/threads/healing-midbrain-damage-chronic-fatigue-syndrome.35897/}
}

@online{urla4392ed5,
    url = {http://raypeat.com/articles/articles/thyroid.shtml}
}

@online{url0a9d165c,
    url = {http://www.hormonesmatter.com}
}

@online{url751fa66c,
    url = {https://www.ncbi.nlm.nih.gov/pubmed/21600123}
}

@online{urlbc7121c2,
    url = {https://bmjopen.bmj.com/content/10/2/e026876.full}
}

@online{urlcb848e39,
    url = {https://medicaldialogues.in/orthopaedics/news/aspirin-may-increase-bmd-and-reduce-fracture-risk-study-64033}
}

@online{url8b84a5f0,
    url = {https://www.top10homeremedies.com/home-remedies/home-remedies-tinnitus.html}
}

@online{url937ca023,
    url = {https://en.wikipedia.org/wiki/DSM-5}
}

@online{urle62e6c53,
    url = {https://www.amnestyusa.org/pdfs/sscistudy1.pdf}
}

@online{url1f2473e9,
    url = {https://www.aclu.org/issues/national-security/torture/out-darkness}
}

@online{url28aa7aba,
    url = {https://en.wikipedia.org/wiki/Enhanced_interrogation_techniques}
}

@online{urlba24fd35,
    url = {https://en.wikipedia.org/wiki/Interrogation_of_Abu_Zubaydah}
}

@online{url0d5c5b43,
    url = {https://en.wikipedia.org/wiki/Martin_Seligman}
}

@online{url17c29a24,
    url = {https://en.wikipedia.org/wiki/Learned_helplessness}
}

@online{url7d9cda57,
    url = {https://clinicaltrials.gov/ct2/show/NCT01483833}
}

@online{url78da6f0e,
    url = {https://clinicaltrials.gov/ct2/show/NCT01355874}
}

@online{urla2d12a4d,
    url = {https://en.wikipedia.org/wiki/Iferanserin}
}

@online{url1958565a,
    url = {https://en.wikipedia.org/wiki/International_Nonproprietary_Name}
}

@online{url511c93e1,
    url = {https://en.wikipedia.org/wiki/Drug}
}

@online{url38c2d492,
    url = {https://en.wikipedia.org/wiki/Binding_selectivity}
}

@online{url34686b0a,
    url = {https://en.wikipedia.org/wiki/Rectal_(medicine)}
}

@online{urlea475ae4,
    url = {https://en.wikipedia.org/wiki/Pharmaceutical_formulation}
}

@online{urla301033b,
    url = {https://en.wikipedia.org/wiki/Phases_of_clinical_research}
}

@online{url9859d095,
    url = {https://en.wikipedia.org/wiki/Clinical_trial}
}

@online{urlb3ba3e93,
    url = {https://www.ncbi.nlm.nih.gov/pubmed/22244049}
}

@online{url924e6337,
    url = {https://en.wikipedia.org/wiki/Naftidrofuryl}
}

@online{urla5934c50,
    url = {https://en.wikipedia.org/wiki/Trade_name}
}

@online{url4099cdd0,
    url = {https://en.wikipedia.org/wiki/Cramp}
}

@online{url7acf38fb,
    url = {https://en.wikipedia.org/wiki/Naftidrofuryl#cite_note-Katzberg-5}
}

@online{url69a6ad98,
    url = {https://www.ncbi.nlm.nih.gov/pubmed/17928160}
}

@online{urla26f6886,
    url = {https://www.ncbi.nlm.nih.gov/pubmed/11201285}
}

@online{url4f3ff3c5,
    url = {https://www.ncbi.nlm.nih.gov/pubmed/32107912}
}

@online{url1ef1b057,
    url = {https://en.wikipedia.org/wiki/Transforming_growth_factor_beta}
}

@online{url4f4dbfc1,
    url = {https://science.sciencemag.org/content/355/6326/756}
}

@online{url0fab953c,
    url = {https://www.cell.com/stem-cell-reports/fulltext/S2213-6711(20)30099-0}
}

@online{url9a31bba2,
    url = {https://medicaldialogues.in/ophthalmology/news/vitamin-b3-may-help-treat-fibrotic-eye-diseases-and-prevent-vision-loss-64505}
}

@online{url5e011e88,
    url = {https://en.wikipedia.org/wiki/Glioblastoma}
}

@online{urlb5c511e9,
    url = {https://stm.sciencemag.org/content/12/537/eaay9924}
}

@online{urlbf2771ea,
    url = {https://www.inverse.com/mind-body/study-common-vitamin-potential-glioblastoma-treatment}
}

@online{url651da7a4,
    url = {https://www.nytimes.com/2017/07/20/opinion/john-mccain-brain-cancer-glioblastoma.html}
}

@online{url4fccf080,
    url = {https://stm.sciencemag.org/lookup/doi/10.1126/scitranslmed.aay9924}
}

@online{urlebe9ad81,
    url = {http://www.vweeyong.com/}
}

@online{urlfc5109eb,
    url = {https://en.wikipedia.org/wiki/Synchronicity}
}

@online{url4ca69563,
    url = {https://www.sciencedaily.com/releases/2016/10/161005083649.htm}
}

@online{url92702449,
    url = {http://www.ncbi.nlm.nih.gov/pubmed/25512603}
}

@online{urlb68ea73f,
    url = {https://www.ncbi.nlm.nih.gov/pubmed/8605795}
}

@online{url78be667b,
    url = {https://www.ncbi.nlm.nih.gov/pubmed/8674324}
}

@online{url903a86b7,
    url = {https://en.wikipedia.org/wiki/4-Hydroxynonenal}
}

@online{urlf11723ce,
    url = {https://www.reddit.com/r/science/comments/2aul2e/science_ama_series_im_paul_héroux_a_professor_of/}
}

@online{url65789f74,
    url = {https://www.reddit.com/r/science/comments/2aul2e/science_ama_series_im_paul_héroux_a_professor_of/ciz74ud/}
}

@online{url2026f24a,
    url = {https://www.ncbi.nlm.nih.gov/pmc/articles/PMC1872042/}
}

@online{url63b87627,
    url = {https://www.sciencedaily.com/releases/2007/05/070521213022.htm}
}

@online{url3c6e5adb,
    url = {https://www.youtube.com/watch?v=7UZswl1BHG0}
}

@online{urlbc6a20b2,
    url = {https://en.wikipedia.org/wiki/Etomoxir}
}

@online{urld38d2b5e,
    url = {https://www.ncbi.nlm.nih.gov/pubmed/27567590}
}

@online{urlb5a04cad,
    url = {https://www.ncbi.nlm.nih.gov/pubmed/26950360}
}

@online{url46565b27,
    url = {https://www.ncbi.nlm.nih.gov/pmc/articles/PMC4892846/figure/F4/}
}

@online{urla3f11fec,
    url = {https://www.ncbi.nlm.nih.gov/pmc/articles/PMC5677497/}
}

@online{url2643ee33,
    url = {https://www.frontiersin.org/articles/10.3389/fncel.2020.00025/full}
}

@online{urlaffd5bbd,
    url = {https://www.madinamerica.com/2020/03/researchers-find-paroxetine-harms-brain-development-2/}
}

@online{urld0c83e6b,
    url = {https://raypeatforum.com/community/threads/serotonin-antagonists-extend-lifespan-ssri-dramatically-shorten-it.6451/}
}

@online{urle1ed125b,
    url = {https://raypeatforum.com/community/threads/blocking-serotonin-extends-lifespan-by-40-triples-youthspan.8745/}
}

@online{url6e145c48,
    url = {https://en.wikipedia.org/wiki/Luca_Turin}
}

@online{url00238b73,
    url = {https://en.wikipedia.org/wiki/Vibration_theory_of_olfaction}
}

@online{urlad8287a4,
    url = {https://www.sciencedirect.com/science/article/pii/S0308814600002879?via=ihub}
}

@online{urlc6ae7e2a,
    url = {https://www.ncbi.nlm.nih.gov/pubmed/27087046}
}

@online{url146f5820,
    url = {https://www.pnas.org/content/early/2011/02/08/1012293108.abstract}
}

@online{urlf482be62,
    url = {https://blogs.sciencemag.org/pipeline/archives/2011/02/18/smell_the_vibrations_fruit_flies_might_be_able_to_}
}

@online{urlf7fad4aa,
    url = {https://www.newscientist.com/article/dn20130-fly-sniffs-molecules-quantum-vibrations/}
}

@online{url5b1515d4,
    url = {http://nsm.uh.edu/people/index.php?155622-961-5=gwroman}
}

@online{url03e21a8b,
    url = {http://www.dri.edu/mary-cablk}
}

@online{urld5baa051,
    url = {https://en.wikipedia.org/wiki/Dihomo-γ-linolenic_acid}
}

@online{url31bb5085,
    url = {https://www.ncbi.nlm.nih.gov/pubmed/29877283}
}

@online{url844eac41,
    url = {https://www.nutritionaloutlook.com/omega-3/omega-6-fatty-acids-may-increase-fat-accumulation-insulin-resistance-subjects-type-2-diabetes-study}
}

@online{urldd4fc5c1,
    url = {https://raypeatforum.com/community/posts/517761/}
}

@online{url5b9c3834,
    url = {http://haidut.me/?p=965}
}

@online{urlc9f74be6,
    url = {https://raypeatforum.com/community/posts/517765/}
}

@online{urlc42117f4,
    url = {https://en.wikipedia.org/wiki/Clemastine}
}

@online{urlbbfeaee8,
    url = {https://www.ncbi.nlm.nih.gov/pubmed/27333030}
}

@online{url97dea7a4,
    url = {https://www.genengnews.com/news/brain-cancer-halted-in-mice-using-antihistamine-drug/}
}

@online{url5018dd5b,
    url = {https://www.embopress.org/doi/full/10.15252/emmm.201809034}
}

@online{url7e0b709b,
    url = {https://www.ncbi.nlm.nih.gov/pubmed/31248717}
}

@online{url7c130db3,
    url = {https://indianexpress.com/article/lifestyle/health/increased-intake-of-nuts-increases-blood-sugar-study-5735685/}
}

@online{urlbafa55ba,
    url = {https://www.ncbi.nlm.nih.gov/pubmed/29636341}
}

@online{url46f7abea,
    url = {https://www.oncologynurseadvisor.com/home/cancer-types/skin-cancer/link-found-between-skin-cancer-risk-and-high-polyunsaturated-fat-intake/}
}

@online{url9538bcb0,
    url = {https://gut.bmj.com/content/58/12/1606.abstract?maxtoshow=&HITS=10&hits=10&RESULTFORMAT=&fulltext=hart&searchid=1&FIRSTINDEX=0&sortspec=date&resourcetype=HWCIT}
}

@online{urld79f676c,
    url = {https://www.nature.com/articles/nrgastro.2009.224.pdf?origin=ppub}
}

@online{urlea2a6129,
    url = {https://www.nhs.uk/news/food-and-diet/diet-causes-bowel-disease/}
}

@online{urld68f26b6,
    url = {https://www.ncbi.nlm.nih.gov/pubmed/18636564}
}

@online{urlf75a65ef,
    url = {https://www.reuters.com/article/us-omega-6/omega-6-fatty-acid-intake-tied-to-breast-cancer-idUSTRE48P70Y20080926}
}

@online{urlf1eddd15,
    url = {https://raypeatforum.com/community/threads/pufa-may-drive-obesity-insulin-resistance-liver-issues-in-diabetes-ii-patients.34115/}
}

@online{urlea8852fa,
    url = {https://www.nature.com/articles/srep15417}
}

@online{url9a2c4515,
    url = {https://www.pfsfoundation.org/about-pfs-post-finasteride-syndrome/}
}

@online{urled1e5db4,
    url = {https://phys.org/news/2019-11-hormone-clue-snail-shells-spiral.html}
}

@online{url67b98b01,
    url = {https://phys.org/tags/hormone/}
}

@online{url1a9b8c88,
    url = {https://phys.org/tags/shell/}
}

@online{urlea79f160,
    url = {https://www.nature.com/articles/s41598-019-52850-x}
}

@online{url878a14c2,
    url = {https://www.meridianvalleylab.com/an-assessment-of-testosterone-and-its-essential-metabolites-for-prostate-cancer-risk/}
}

@online{url8bb0050b,
    url = {https://www.genome.jp/kegg-bin/show_pathway?org_name=hsa&mapno=00140&mapscale=&show_description=hide}
}

@online{urle6589c53,
    url = {https://raypeatforum.com/community/threads/pufa-is-a-cancer-sensitizer.34119/}
}

@online{url5b47c015,
    url = {https://en.wikipedia.org/wiki/Omega-3_acid_ethyl_esters}
}

@online{urldb959602,
    url = {https://www.nature.com/articles/s41416-020-0761-6}
}

@online{url38eccd03,
    url = {https://thehealthmania.com/taking-omega-3-supplements-may-increase-the-risk-of-prostate-cancer/1706/}
}

@online{url10ef3cb2,
    url = {https://raypeatforum.com/community/threads/blocking-androgens-causes-inflammation-and-prostate-disease-cancer.46492/}
}

@online{urle2ca9cde,
    url = {https://www.youtube.com/watch?v=0Q1A4OcJlUQ&t=775s}
}

@online{url0bcbb04b,
    url = {https://raypeatforum.com/community/threads/nut-pufa-consumption-may-cause-diabetes-even-without-obesity.34117/}
}

@online{url5b33b7c1,
    url = {https://journals.plos.org/plosone/article?id=10.1371/journal.pone.0173084}
}

@online{urle16894e4,
    url = {https://www.oliveoiltimes.com/health-news/consuming-wrong-oil-makes-fat-lazy-research-shows/56542}
}

@online{url3456a35c,
    url = {http://journals.plos.org/plosone/article?id=10.1371/journal.pone.0173084}
}

@online{url0c3d39f1,
    url = {https://www.hindustantimes.com/health-and-fitness/omega-6-fatty-acids-not-healthy-for-girls-it-ups-their-risk-of-getting-diabetes/story-kIdUtpDlNjZIlMM1GThHQN.html}
}

@online{url1631344a,
    url = {https://www.researchgate.net/publication/229976090_Health_effects_of_oxidized_heated_oils}
}

@online{url42bc8659,
    url = {https://www.nature.com/articles/s41598-019-39767-1}
}

@online{url3a5044dc,
    url = {https://www.aocs.org/stay-informed/inform-magazine/featured-articles/detection-monitoring-and-deleterious-health-effects-of-lipid-oxidation-november/december-2014?SSO=True}
}

@online{url7c484718,
    url = {https://www.telegraph.co.uk/news/health/news/11981884/Cooking-with-vegetable-oils-releases-toxic-cancer-causing-chemicals-say-experts.html}
}

@online{url09fe0bbf,
    url = {https://www.medrxiv.org/content/10.1101/2020.03.05.20031773v2}
}

@online{url9188f03b,
    url = {https://www.sciencenews.org/article/coronavirus-outbreak-diamond-princess-cruise-ship-death-rate}
}

@online{urlf98d2b64,
    url = {https://raypeatforum.com/community/threads/corona-virus-how-to-treat.32566/page-17}
}

@online{urlb39c62fc,
    url = {https://www.purdue.edu/newsroom/releases/2020/Q1/cruise-ship-ac-systems-could-promote-rapid-coronavirus-spread,-prof-says.html}
}

@online{urldd8f65f9,
    url = {https://www.usatoday.com/story/travel/cruises/2020/03/07/coronavirus-quarantine-cruise-ship-could-backfire-experts-say/4991376002/}
}

@online{url0aa516d9,
    url = {https://www.cmaj.ca/content/lack-covid-19-transmission-international-flight}
}

@online{urle4e4b90d,
    url = {https://www.transportenvironment.org/press/luxury-cruise-giant-emits-10-times-more-air-pollution-sox-all-europe’s-cars-–-study}
}

@online{urla58822b0,
    url = {https://techstartups.com/2020/03/12/mit-biologist-says-fear-mongering-coronavirus-will-go-biggest-fraud-manipulate-economies/}
}

@online{url3365af7f,
    url = {https://www.foxnews.com/politics/real-indian-running-against-sen-elizabeth-warren-sues-after-city-tells-him-to-stop-calling-her-fake-indian}
}

@online{url7641808c,
    url = {https://www.evolutamente.it/covid-19-pneumonia-inflammasomes-the-melatonin-connection/}
}

@online{urlff89c2b7,
    url = {https://www.evolutamente.it/covid-19-mutations-vaccines-nitric-oxide-the-vitamin-c-connection/}
}

@online{urlf4e5111d,
    url = {https://www.evolutamente.it/covid-19-furins-cancer-a-tale-of-vitamin-c-hif/}
}

@online{urlc24bddca,
    url = {https://raypeatforum.com/community/threads/a-conspiracy-angle-to-the-wuhan-coronavirus-has-to-crop-up-eventually.32677/page-3}
}

@online{url1a2041c3,
    url = {https://www.worldometers.info/coronavirus/}
}

@online{urlc2dd3c96,
    url = {https://www.ladbible.com/news/news-satellite-images-show-decline-in-pollution-in-italy-during-quarantine-20200315?source=facebook&fbclid=IwAR2vK4AyRo02RAjtuk6sOgDtc71z8ynw4IRwzWHdt1SHyS5lu19kNBZLmFs}
}

@online{url5be77092,
    url = {https://raypeatforum.com/community/threads/improving-mitochondrial-function-may-treat-ptsd.4077/}
}

@online{url108a760d,
    url = {https://www.globalresearch.ca/covid-19-further-evidence-virus-originated-us/5706078}
}

@online{urlea781274,
    url = {https://www.nature.com/articles/s41598-017-03474-6.pdf}
}

@online{url5be53227,
    url = {https://www.agenzianova.com/a/5e6bcf1da7fbe3.23491954/2851060/2020-03-13/coronavirus-iss-in-italia-i-decessi-accertati-finora-per-causa-del-covid-19-sono-solo-due}
}

@online{urla30d975c,
    url = {https://translate.google.com/translate?hl=en&sl=auto&tl=en&u=https://www.agenzianova.com/a/5e6bcf1da7fbe3.23491954/2851060/2020-03-13/coronavirus-iss-in-italia-i-decessi-accertati-finora-per-causa-del-covid-19-sono-solo-due}
}

@online{urlbe23136c,
    url = {https://www.volkskrant.nl/nieuws-achtergrond/artsen-vrezen-het-ergste-je-schrikt-ervan-hoe-weerloos-we-zijn~b0335c91/}
}

@online{url4b55d402,
    url = {https://www.japantimes.co.jp/opinion/2020/03/21/commentary/japan-commentary/japan-still-coronavirus-outlier/}
}

@online{urleaa6e909,
    url = {http://www.pbs.org/now/shows/223/electric-car-timeline.html}
}

@online{url9fd437a9,
    url = {https://www.thegatewaypundit.com/2020/03/data-analysis-indicates-coronavirus-is-slowing-with-a-declining-fatality-rate-with-warmer-weather-likely-slowing-it-considerably/}
}

@online{url1b562625,
    url = {https://www.zerohedge.com/health/covid-19-evidence-over-hysteria}
}

@online{url4e5ebc27,
    url = {https://twitter.com/aginnt}
}

@online{url41172a35,
    url = {https://covidtracking.com/data/}
}

@online{url4eae93fd,
    url = {https://www.zerohedge.com/health/holy-***t-not-flu-medical-worker-describes-terrifying-lung-failure-covid-19-even-young}
}

@online{url5de81a20,
    url = {https://raypeatforum.com/community/threads/the-young-have-now-become-the-old.27552/}
}

@online{url5b0661af,
    url = {http://orcid.org/0000-0002-5828-8874}
}

@online{url57d8eb6d,
    url = {https://doi.org/10.1101/2020.03.16.20037176}
}

@online{url72a55073,
    url = {https://www.medrxiv.org/content/what-unrefereed-preprint}
}

@online{urlb26377d3,
    url = {http://orcid.org/0000-0002-1982-7652}
}

@online{url86b4fa0f,
    url = {https://doi.org/10.1101/2020.03.14.20036178}
}

@online{url888fdc37,
    url = {https://www.worldometers.info/coronavirus/coronavirus-age-sex-demographics/}
}

@online{url5ca38ba8,
    url = {https://www.worldometers.info/coronavirus/country/us/}
}

@online{urldd62a6a4,
    url = {https://www.fox16.com/news/family-speaks-out-after-coronavirus-death/}
}

@online{url79b95bf8,
    url = {https://www.whitehouse.gov/wp-content/uploads/2020/03/03.16.20_coronavirus-guidance_8.5x11_315PM.pdf}
}

@online{urld788bd38,
    url = {https://www.businessinsider.com/trump-presser-extends-social-distancing-guidelines-until-april-30-2020-3}
}

@online{url2d229e4c,
    url = {https://wvva.com/2020/03/27/breaking-first-reported-w-va-death-due-to-coronavirus-not-dead/}
}

@online{url245eaac4,
    url = {https://www.cdc.gov/flu/about/burden/preliminary-in-season-estimates.htm}
}

@online{urlc6d8ae5d,
    url = {https://en.wikipedia.org/wiki/2017–2018_United_States_flu_season}
}

@online{urlf652c106,
    url = {https://www.cdc.gov/flu/about/burden/2018-2019.html}
}

@online{url7b86a986,
    url = {https://www.cdc.gov/flu/about/burden/2017-2018.htm}
}

@online{url1dee053b,
    url = {https://www.cdc.gov/flu/about/burden/2016-2017.html}
}

@online{url44948609,
    url = {https://www.cdc.gov/flu/about/burden/2015-2016.html}
}

@online{url01f1a9af,
    url = {https://www.cdc.gov/flu/about/burden/2014-2015.html}
}

@online{urlfe0a35d0,
    url = {https://raypeatforum.com/community/attachments/17216/}
}

@online{url1b088408,
    url = {https://raypeatforum.com/community/attachments/17217/}
}

@online{urle7190ecf,
    url = {https://www.cdc.gov/chronicdisease/resources/infographic/chronic-diseases.htm}
}

@online{urle43c37d2,
    url = {https://ourworldindata.org/grapher/total-cases-covid-19?year=69&time=0..69}
}

@online{urla0c9eb05,
    url = {https://ourworldindata.org/coronavirus}
}

@online{url4e949bb0,
    url = {https://www.mediterranee-infection.com/wp-content/uploads/2020/03/La-Scola-et-al.3-IHU-draft.pdf}
}

@online{urla4c4b8a0,
    url = {https://www.who.int/csr/sars/diagnostictests/en/}
}

@online{urldbe009e9,
    url = {https://dailystormer.su/coronavirus-is-literally-just-the-flu/}
}

@online{url1e78dc59,
    url = {https://www.wcax.com/content/news/New-flu-cases-drop-death-toll-tops-24K-569162801.html}
}

@online{urla303e91d,
    url = {https://off-guardian.org/.../12-experts-questioning-the}
}

@online{url1c954f2d,
    url = {https://off-guardian.org/.../10-more-experts-criticising}
}

@online{urlc76e7742,
    url = {https://blog.nomorefakenews.com/.../corona-creating-the}
}

@online{url693a6bb0,
    url = {https://www.wnd.com/.../dr-fauci-concedes-coronavirus}
}

@online{urlc1ec5362,
    url = {https://www.thelibertybeacon.com/does-the-coronavirus}
}

@online{url6790d99a,
    url = {https://www.zerohedge.com/.../covid-19-derangement}
}

@online{url95116b85,
    url = {https://en.m.wikipedia.org/wiki/Minimum_Information_for_Publication_of_Quantitative_Real-Time_PCR_Experiments}
}

@online{url8254b58a,
    url = {https://en.m.wikipedia.org/wiki/Quantitative_PCR}
}

@online{urld5b4267c,
    url = {https://en.m.wikipedia.org/wiki/Real-time_polymerase_chain_reaction}
}

@online{urlea9ba138,
    url = {https://en.m.wikipedia.org/wiki/Quantitative_PCR_instrument}
}

@online{url37f4feb2,
    url = {https://en.m.wikipedia.org/wiki/Complementary_DNA}
}

@online{urla6b4684e,
    url = {https://en.m.wikipedia.org/wiki/Webtag_(Software)}
}

@online{url692003b1,
    url = {https://en.m.wikipedia.org/wiki/HIV/AIDS}
}

@online{urld62cd7c8,
    url = {http://orcid.org/0000-0003-0027-6480}
}

@online{url1d131315,
    url = {http://orcid.org/0000-0001-6015-0279}
}

@online{url03b1d0c4,
    url = {https://doi.org/10.1101/2020.03.30.20048108}
}

@online{url2cb6c19b,
    url = {https://www.courant.com/breaking-news/hc-br-infant-death-coronavirus-positive-20200404-54z75ceqzfei7ajtwskc4ncrua-story.html}
}

@online{url945093f6,
    url = {https://uncoverdc.com/2020/04/05/could-cdc-data-prove-covid-19-infections-in-november-2019/}
}

@online{urlb12a11e3,
    url = {https://blog.nomorefakenews.com/2020/04/01/covid-its-not-one-thing-its-not-one-disease/}
}

@online{url5e1d63a0,
    url = {https://www.drugabuse.gov/publications/research-reports/inhalants/what-are-unique-risks-associated-nitrite-abuse}
}

@online{url32aeef27,
    url = {https://www.ncbi.nlm.nih.gov/pmc/articles/PMC4290678/}
}

@online{urle2d53abe,
    url = {https://www.ncbi.nlm.nih.gov/pubmed/9610682}
}

@online{url590a6970,
    url = {https://www.ncbi.nlm.nih.gov/pmc/articles/PMC153143/}
}

@online{url81fe1e60,
    url = {https://www.google.de/amp/s/amp.thenational.ae/world/germany-s-wuhan-has-15-per-cent-infection-rate-and-low-death-toll-1.1004050}
}

@online{urlb5629078,
    url = {https://www.liebertpub.com/doi/abs/10.1089/thy.2019.0709}
}

@online{url9d3c3da2,
    url = {https://www.dailymail.co.uk/sciencetech/article-8171691/Working-long-hours-cause-underactive-thyroid.html}
}

@online{url0c16becb,
    url = {https://www.endocrinologyadvisor.com/home/topics/thyroid/long-weekly-work-hours-associated-with-hypothyroidism/}
}

@online{url7a318f9f,
    url = {https://en.wikipedia.org/wiki/Cardiolipin}
}

@online{urlf47b7876,
    url = {https://en.wikipedia.org/wiki/Cardiolipin#Serves_as_proton_trap_for_oxidative_phosphorylation}
}

@online{url70a000ed,
    url = {https://en.wikipedia.org/wiki/Cardiolipin#Facilitates_the_quaternary_structure}
}

@online{urlf2405848,
    url = {https://pubs.rsc.org/en/content/articlelanding/2017/MB/C6MB00842A}
}

@online{url793bc118,
    url = {http://www.buffalo.edu/news/releases/2017/01/024.html}
}

@online{urld55d4725,
    url = {http://raypeat.com/articles/articles/vitamin-e.shtml}
}

@online{urla9da3e7d,
    url = {https://www.fightaging.org/archives/2014/07/beta-cyclodextrins-as-a-possible-treatment-for-the-build-up-of-lipofuscin/}
}

@online{url67dc6c62,
    url = {https://www.sciencedirect.com/science/article/pii/S0014483515001372}
}

@online{url352d5507,
    url = {https://link.springer.com/article/10.1134/S0006297910120102}
}

@online{urla861879a,
    url = {https://raypeatforum.com/community/threads/the-age-pigment-lipofuscin-and-the-fountain-of-youth.8887/}
}

@online{urlef8b7899,
    url = {https://en.wikipedia.org/wiki/Dichloroacetic_acid}
}

@online{url39665944,
    url = {https://raypeatforum.com/community/threads/ms-tied-to-glucose-deficiency-due-to-endotoxin-and-fat-extra-glucose-may-treat-it.29855/}
}

@online{urle81b7151,
    url = {https://raypeatforum.com/community/threads/als-tied-to-increased-fat-oxidation-fao-increasing-glucose-may-treat-it.29852/}
}

@online{url98ecf5d0,
    url = {https://gut.bmj.com/content/early/2020/02/28/gutjnl-2019-319514}
}

@online{url5d194416,
    url = {https://www.eurekalert.org/pub_releases/2020-04/tuom-cdp041520.php}
}

@online{url75d51f77,
    url = {https://pubmed.ncbi.nlm.nih.gov/31810115/}
}

@online{url16dee10e,
    url = {https://www.cell.com/cell/pdfExtended/S0092-8674(16)30566-9}
}

@online{url9f6e937b,
    url = {https://twitter.com/davidasinclair/status/1460072900782964741}
}

@online{urlb2146527,
    url = {https://raypeatforum.com/community/posts/517773/}
}

@online{url7f32c9a8,
    url = {https://www.ncbi.nlm.nih.gov/pubmed/30542427}
}

@online{url895c5627,
    url = {https://www.ncbi.nlm.nih.gov/pubmed?Db=pubmed&Cmd=ShowDetailView&TermToSearch=28202325}
}

@online{url2c8e6984,
    url = {https://raypeatforum.com/community/threads/pregnenolone-is-a-functional-estrogen-antagonist.24056/}
}

@online{url406f6576,
    url = {https://www.ncbi.nlm.nih.gov/pubmed/32292342}
}

@online{urlc2754a7a,
    url = {https://www.frontiersin.org/articles/10.3389/fphar.2020.00360/full}
}

@online{urlee2f0da9,
    url = {https://www.healio.com/endocrinology/thyroid/news/online/{c41f38db-db55-486f-9e69-2c8ce2b35d16}/slow-metabolism-persists-despite-levothyroxine-therapy-in-hypothyroidism-with-obesity}
}

@online{url3e1fcfad,
    url = {https://www.nature.com/articles/s41586-020-1935-3}
}

@online{urlcf0a60cd,
    url = {https://www.nih.gov/news-events/nih-research-matters/how-stress-causes-gray-hair}
}

@online{urle127e936,
    url = {https://en.wikipedia.org/wiki/Dopamine_beta-hydroxylase}
}

@online{url2a7e1ed2,
    url = {https://raypeatforum.com/community/threads/more-than-30-of-gp-doctors-suffer-from-compassion-fatigue.33085/}
}

@online{urld3b37b5c,
    url = {https://raypeatforum.com/community/threads/psychiatry-is-little-more-than-a-combination-of-cluelessness-and-corruption.28237/page-2}
}

@online{url14d3e6f9,
    url = {https://www.ncbi.nlm.nih.gov/pubmed/31175273}
}

@online{url2360fcad,
    url = {https://onlinelibrary.wiley.com/doi/full/10.1111/acel.12213}
}

@online{url236e399b,
    url = {https://www.ncbi.nlm.nih.gov/pmc/articles/PMC5115897/}
}

@online{url9da5c028,
    url = {https://grantome.com/grant/NIH/K23-AG051148-06}
}

@online{urlea656f2f,
    url = {https://www.livescience.com/44436-anti-aging-hormone-may-actually-shorten-life.html}
}

@online{urldf63105f,
    url = {https://www.biorxiv.org/content/10.1101/2020.04.17.047480v2.full}
}

@online{url201643d2,
    url = {https://www.nutritionaloutlook.com/science/preclinical-research-shows-covid-19-infection-may-dysregulate-nad-synthesis}
}

@online{url316e3400,
    url = {https://raypeatforum.com/community/threads/melanoma-is-an-endocrine-tumor-like-breast-cancer-driven-by-estrogen.23589/}
}

@online{url81334a5e,
    url = {https://onlinelibrary.wiley.com/doi/abs/10.1111/all.14273}
}

@online{url440bdc8d,
    url = {https://www.lunduniversity.lu.se/article/antihistamines-may-help-patients-with-malignant-melanoma}
}

@online{urlfa92d2c8,
    url = {https://www.tandfonline.com/doi/full/10.1080/0284186X.2020.1769185}
}

@online{urlbf0a87bd,
    url = {https://medicalxpress.com/news/2016-03-youngand-alive.html}
}

@online{urla4ae6bf3,
    url = {https://www.ahajournals.org/doi/abs/10.1161/HYPERTENSIONAHA.120.14686}
}

@online{urlf610b229,
    url = {https://www.genengnews.com/news/link-discovered-between-blood-vessel-inflammation-and-malfunctioning-mitochondria/}
}

@online{urld23ef827,
    url = {https://www.nejm.org/doi/10.1056/NEJMoa1800722}
}

@online{url70ec7098,
    url = {https://royalsocietypublishing.org/doi/10.1098/rsif.2020.0154}
}

@online{urlf0e8057c,
    url = {https://onlinelibrary.wiley.com/doi/abs/10.1002/bies.201900254}
}

@online{url6507f111,
    url = {https://phys.org/news/2020-04-dna-life-bookjust-jumbled-ingredients.html}
}

@online{url15ee195e,
    url = {https://phys.org/tags/hereditary+diseases/}
}

@online{urlacf02c3d,
    url = {https://www.cell.com/immunity/fulltext/S1074-7613(20)30080-7}
}

@online{url22914a87,
    url = {https://news.cornell.edu/stories/2020/05/enzyme-could-hold-key-improved-allergy-treatments}
}

@online{url427bca0e,
    url = {https://twitter.com/__ice9/status/1342382420260216832}
}

@online{urlb6ef7d28,
    url = {https://raypeatforum.com/community/threads/striking-accumulation-of-pufa-in-aged-cells.34123/}
}

@online{url0a702902,
    url = {https://en.wikipedia.org/wiki/Phosphatidylcholine}
}

@online{urla128ba72,
    url = {https://www.nature.com/articles/s42255-020-0200-2}
}

@online{urlf58116b1,
    url = {https://eurekalert.org/pub_releases/2020-05/m-sc051920.php}
}

@online{url6b0a388c,
    url = {https://phys.org/news/2020-05-lysosome-mitochondria-longevity.html}
}

@online{url16eb8cd8,
    url = {https://raypeatforum.com/community/threads/mitolipin-liquid-saturated-phosphatidylcholine-pc-mix.10398/}
}

@online{urlf63b386b,
    url = {https://en.wikipedia.org/wiki/Pimavanserin}
}

@online{url08c1afd6,
    url = {https://pubs.acs.org/doi/abs/10.1021/acs.jmedchem.0c00002}
}

@online{urle143c3a7,
    url = {https://www.nature.com/articles/s41467-018-07287-7}
}

@online{url9466356e,
    url = {https://www.eurekalert.org/pub_releases/2020-05/gios-mpd052520.php}
}

@online{url14cf6211,
    url = {https://www.sciencedirect.com/science/article/pii/S1756464623001962}
}

@online{urldcffbe3f,
    url = {https://raypeatforum.com/community/threads/stress-causes-grey-hair.34125/}
}

@online{urlc9fcf7dd,
    url = {https://www.newscientist.com/article/2244772-grey-hairs-sometimes-regain-their-colour-when-we-feel-less-stressed/}
}

@online{urlaf802c35,
    url = {https://en.wikipedia.org/wiki/Bovine_spongiform_encephalopathy}
}

@online{url29035a99,
    url = {https://actaneurocomms.biomedcentral.com/articles/10.1186/s40478-020-00915-8}
}

@online{urla9d8a4a9,
    url = {https://medicalxpress.com/news/2020-05-brain-powerhouses-creutzfeldt-jacob-disease.html}
}

@online{url0ecca106,
    url = {https://people.csail.mit.edu/seneff/2017/SamselSeneff_Glyphosate_VI_final.pdf}
}

@online{urld5ee2347,
    url = {https://www.pharmaceutical-journal.com/news-and-analysis/study-claims-low-hba1c-increases-mortality-risk/10994510.article?firstPass=false}
}

@online{urlc4222305,
    url = {https://raypeatforum.com/community/threads/eating-1-lb-of-sugar-daily-has-strikingly-positive-effects-on-male-fertility.32456/page-2}
}

@online{url2cf3ff38,
    url = {https://academic.oup.com/ajcn/article/69/3/575/4694210}
}

@online{url2a10df36,
    url = {https://www.ncbi.nlm.nih.gov/pubmed/13591100}
}

@online{url92c86fb5,
    url = {https://www.ncbi.nlm.nih.gov/pubmed/5319129}
}

@online{urlc0d45c0b,
    url = {https://www.ncbi.nlm.nih.gov/pubmed/13984377}
}

@online{url883262df,
    url = {https://www.cabdirect.org/cabdirect/abstract/19401402692}
}

@online{urla6f99bba,
    url = {https://www.nejm.org/doi/full/10.1056/NEJM197103112841004}
}

@online{url795f4208,
    url = {https://raypeatforum.com/community/threads/serotonin-causes-anhedonia-and-mental-illness-in-general.32009/}
}

@online{url78957360,
    url = {https://raypeatforum.com/community/threads/ssri-drugs-not-depression-destroy-empathy.34871/}
}

@online{url2badafd4,
    url = {https://now.uiowa.edu/2020/05/mother-roundworms-have-ultra-protective-instincts}
}

@online{urlbcb598f3,
    url = {https://money.cnn.com/magazines/fortune/fortune_archive/2005/11/28/8361973/index.htm}
}

@online{url6aaf5c07,
    url = {http://www.narpa.org/reference/prozac-revisited}
}

@online{url79de38f8,
    url = {https://www.sciencedirect.com/science/article/pii/S0924977X20301048?via=ihub}
}

@online{urlad33ecb3,
    url = {https://medicalxpress.com/news/2020-05-ssri-antidepressants-violent-crime-patients.html}
}

@online{urldf0a25cf,
    url = {https://www.studyfinds.org/ssri-antidepressants-linked-to-violent-crimes-among-some-patients/}
}

@online{urldf847cf4,
    url = {https://studyfinds.org/tag/antidepressants}
}

@online{url3c2f0a89,
    url = {https://www.eurekalert.org/pub_releases/2020-05/econ-saa052720.php}
}

@online{url69adfa98,
    url = {https://www.cdc.gov/nchs/covid19/pulse/mental-health.htm}
}

@online{urled634673,
    url = {https://www.washingtonpost.com/health/2020/05/26/americans-with-depression-anxiety-pandemic/?arc404=true}
}

@online{urlef30ca52,
    url = {https://www.washingtonpost.com/health/2020/05/04/mental-health-coronavirus/}
}

@online{urlb8ce2330,
    url = {https://www.washingtonpost.com/health/2020/02/28/what-you-need-know-about-coronavirus/}
}

@online{urlf8f9fb38,
    url = {https://onlinelibrary.wiley.com/doi/abs/10.1002/pros.23991}
}

@online{url5e28949c,
    url = {https://www.cedars-sinai.org/newsroom/pepper-component-hot-enough-to-trigger-suicide-in-prostate-cancer-cells/}
}

@online{urlefda4ea5,
    url = {https://raypeatforum.com/community/threads/vitamin-k-and-d-reverse-muscle-aging-may-act-like-sports-doping-agents.11503/}
}

@online{url475755d5,
    url = {https://www.researchgate.net/publication/322071346_Enhanced_Growth_of_the_Adult_Penis_With_Vitamin_D_3}
}

@online{url63b16e1b,
    url = {http://www.argi9health.com/callen/doctors.htm}
}

@online{urld065be94,
    url = {https://en.wikipedia.org/wiki/Tunica_albuginea_(penis)}
}

@online{url59fe101a,
    url = {https://www.urbandictionary.com/define.php?term=junk}
}

@online{url5b846213,
    url = {https://raypeatforum.com/community/threads/calcirol-liquid-vitamin-d3.21383/}
}

@online{url74bad42b,
    url = {https://europepmc.org/article/med/21839661}
}

@online{urld46cfff2,
    url = {https://www.ncbi.nlm.nih.gov/pmc/articles/PMC3822343/}
}

@online{url10cbac66,
    url = {https://www.sciencedirect.com/science/article/abs/pii/S0022534717355763}
}

@online{urldde009f7,
    url = {https://www.ncbi.nlm.nih.gov/pubmed/31520742}
}

@online{url96d29c12,
    url = {https://en.wikipedia.org/wiki/Aromatase_excess_syndrome}
}

@online{url70be7729,
    url = {https://en.wikipedia.org/wiki/Symptom}
}

@online{url0e2c3859,
    url = {https://en.wikipedia.org/wiki/Heterosexual_precocity}
}

@online{urld3863280,
    url = {https://en.wikipedia.org/wiki/Precocious_puberty}
}

@online{url7f251c86,
    url = {https://en.wikipedia.org/wiki/Secondary_sexual_characteristic}
}

@online{urldc54fff9,
    url = {https://en.wikipedia.org/wiki/Feminization_(biology)}
}

@online{url56e57de8,
    url = {https://en.wikipedia.org/wiki/Prepubertal}
}

@online{urlac77403b,
    url = {https://en.wikipedia.org/wiki/Peripubertal}
}

@online{urlbbff1d5b,
    url = {https://en.wikipedia.org/wiki/Gynecomastia}
}

@online{urlbddaf8dc,
    url = {https://en.wikipedia.org/wiki/Breast}
}

@online{urle5631385,
    url = {https://en.wikipedia.org/wiki/Puberty}
}

@online{urlbb8a3e78,
    url = {https://en.wikipedia.org/wiki/Puberphonia}
}

@online{url4d4130ff,
    url = {https://en.wikipedia.org/wiki/Facial_hair}
}

@online{urld4c79946,
    url = {https://en.wikipedia.org/wiki/Hypogonadism}
}

@online{urldb6564ab,
    url = {https://en.wikipedia.org/wiki/Gonad}
}

@online{url9cb0257b,
    url = {https://en.wikipedia.org/wiki/Oligozoospermia}
}

@online{urlc2ea7f40,
    url = {https://en.wikipedia.org/wiki/Sperm_count}
}

@online{url6f2e456b,
    url = {http://www.ajandrology.com/article.asp?issn=1008-682X;year=2016;volume=18;issue=3;spage=435;epage=440;aulast=Schulster}
}

@online{url4d6b6072,
    url = {https://www.ncbi.nlm.nih.gov/pubmed/29850540}
}

@online{url1beb63d6,
    url = {https://www.ncbi.nlm.nih.gov/pubmed/?term=Fernandes-Lima F[Author]&cauthor=true&cauthor_uid=29850540}
}

@online{url624b5440,
    url = {https://www.ncbi.nlm.nih.gov/pubmed/?term=Gregório BM[Author]&cauthor=true&cauthor_uid=29850540}
}

@online{url2736c913,
    url = {https://www.ncbi.nlm.nih.gov/pubmed/?term=Nascimento FAM[Author]&cauthor=true&cauthor_uid=29850540}
}

@online{url95b2f95f,
    url = {https://www.ncbi.nlm.nih.gov/pubmed/?term=Costa WS[Author]&cauthor=true&cauthor_uid=29850540}
}

@online{url9a897442,
    url = {https://www.ncbi.nlm.nih.gov/pubmed/?term=Gallo CBM[Author]&cauthor=true&cauthor_uid=29850540}
}

@online{urlaaa768c4,
    url = {https://www.ncbi.nlm.nih.gov/pubmed/?term=Sampaio FJB[Author]&cauthor=true&cauthor_uid=29850540}
}

@online{url9411a760,
    url = {https://www.ncbi.nlm.nih.gov/pmc/articles/PMC5937572/}
}

@online{urlb9b5e9d6,
    url = {https://doi.org/10.1155/2018/6030646}
}

@online{url931493bd,
    url = {https://men-elite.com/2020/12/18/outstanding-stack-for-higher-libido-and-bigger-balls/}
}

@online{url98e9e505,
    url = {https://chrismasterjohnphd.com/blog/2016/12/09/the-ultimate-vitamin-k2-resource/}
}

@online{url2efe6fac,
    url = {https://reddit.com/r/nutrition/comments/badx30/study_on_vitamin_d3_increased_penis_size/}
}

@online{url72b1616e,
    url = {https://academic.oup.com/jes/advance-article/doi/10.1210/jendso/bvaa057/5837624}
}

@online{url4c7d690e,
    url = {https://www.healio.com/news/endocrinology/20200605/statin-use-may-lead-to-unintended-consequence-of-insulin-resistance}
}

@online{urle2eb5606,
    url = {https://www.healio.com/news/endocrinology/20181210/do-women-with-pcos-and-an-atherosclerotic-cvd-risk-greater-than-5-benefit-from-statin-therapy}
}

@online{url14ce9c70,
    url = {http://spacedoc.com}
}

@online{url1e86f864,
    url = {https://twitter.com/SilkeLeFay/status/1415523496617119746?t=_P_xrGIwCW5xPA0aSo2ntw&s=19}
}

@online{url71a3e95f,
    url = {https://www.lipidjournal.com/article/S1933-2874(14)00158-5/fulltext}
}

@online{urldb0f02e3,
    url = {https://khealth.com/learn/diabetes/what-is/}
}

@online{url8064f8d8,
    url = {https://www.businessinsider.com/probiotics-arent-food-supplements-could-have-harmful-risks-2018-8}
}

@online{url5b6b6ce9,
    url = {https://www.nature.com/articles/s41467-020-16436-w}
}

@online{url3ad57c77,
    url = {https://www.sciencecodex.com/study-shows-patients-hemorrhagic-brain-disease-have-disordered-gut-microbiomes-648046}
}

@online{urlef46fc49,
    url = {https://www.theguardian.com/science/2020/jun/05/vitamin-k-could-help-fight-coronavirus-study-suggests}
}

@online{url5c5a8432,
    url = {https://www.medrxiv.org/content/10.1101/2020.06.01.20112334v1}
}

@online{urlf1c5798b,
    url = {https://www.news-medical.net/news/20200604/Study-says-vitamin-magnesium-combo-may-reduce-severity-of-COVID-19-in-seniors.aspx}
}

@online{urledccf72b,
    url = {https://raypeatforum.com/community/threads/vitamin-d-levels-appear-to-play-role-in-covid-19-mortality-rates.34434/}
}

@online{urlacf2d18f,
    url = {https://www.mdpi.com/2072-6643/12/7/2098}
}

@online{urldaff1391,
    url = {https://www.nature.com/articles/s41398-020-00876-5}
}

@online{urlf953b9ce,
    url = {https://medicalxpress.com/news/2020-06-prenatal-stress-long-term-behavioral-deficits.html}
}

@online{url20d9a888,
    url = {https://medicalxpress.com/tags/immune+system/}
}

@online{urla14e3ab8,
    url = {https://www.fda.gov/news-events/press-announcements/fda-approves-new-nasal-spray-medication-treatment-resistant-depression-available-only-certified}
}

@online{url274c9aa5,
    url = {https://raypeatforum.com/community/threads/ssri-drugs-increase-violent-behavior-and-promote-recidivism.34879/}
}

@online{urlff050df6,
    url = {https://pubmed.ncbi.nlm.nih.gov/16542786/}
}

@online{url0ba70baf,
    url = {https://www.nature.com/articles/s41398-020-0844-4}
}

@online{url7c71f3c1,
    url = {https://www.eurekalert.org/pub_releases/2020-05/ki-nss052820.php}
}

@online{urleff04be2,
    url = {https://pubmed.ncbi.nlm.nih.gov/25287313/}
}

@online{url20fd4d27,
    url = {https://www.ncbi.nlm.nih.gov/pmc/articles/PMC4544340/}
}

@online{url53534c42,
    url = {https://www.sciencedaily.com/releases/2023/07/230714114752.htm}
}

@online{url90aca3a8,
    url = {https://publications.waset.org/abstracts/91649/effect-of-pregnenolone-supplement-on-biological-variables-after-plyometric-training-for-volleyball-players}
}

@online{urlf95ab9e7,
    url = {https://pubmed.ncbi.nlm.nih.gov/8332198/}
}

@online{urle0b34b44,
    url = {https://pubmed.ncbi.nlm.nih.gov/11448590/}
}

@online{url56c61089,
    url = {https://pubmed.ncbi.nlm.nih.gov/7763268/}
}

@online{urleedbe853,
    url = {https://www.sciencemag.org/news/2020/07/intriguing-far-proven-hiv-cure-s-o-paulo-patient}
}

@online{url8fc80d66,
    url = {https://www.medscape.com/viewarticle/933531}
}

@online{url28ad945a,
    url = {https://www.aidsmap.com/news/jul-2020/brazilian-man-long-term-hiv-remission-without-stem-cell-transplant}
}

@online{urle83c7e7a,
    url = {https://raypeatforum.com/community/threads/german-university-researches-b3-and-covid-highly-peaty.34169/}
}

@online{url905c77d4,
    url = {https://pubmed.ncbi.nlm.nih.gov/7776715/}
}

@online{urlaf0a378d,
    url = {https://europepmc.org/article/PMC/3329393}
}

@online{urlad2c92ce,
    url = {https://pubmed.ncbi.nlm.nih.gov/31170473/}
}

@online{urla3966dd5,
    url = {https://pubmed.ncbi.nlm.nih.gov/23542164/}
}

@online{urlaf42075d,
    url = {https://www.sciencedirect.com/science/article/abs/pii/S155041312030190X?via=ihub}
}

@online{urla1152bad,
    url = {https://www.clinicaltrials.gov/}
}

@online{url928dca95,
    url = {https://clinicaltrials.gov/show/NCT03973203}
}

@online{urle52d64a1,
    url = {https://phys.org/news/2020-05-vitamin-b3-revitalizes-energy-metabolism.html}
}

@online{urld1c080c8,
    url = {http://www.reboundhealth.com/cms/images/pdf/rdid129niacintoflushornottoflush.pdf}
}

@online{urld00cb836,
    url = {https://phys.org/tags/disease+progression/}
}

@online{urleff3175c,
    url = {https://pubmed.ncbi.nlm.nih.gov/9353874/}
}

@online{urlfa55828e,
    url = {https://www.wikipathways.org/index.php/Pathway:WP2486}
}

@online{url131ce4a3,
    url = {http://haidut.me/?p=1073}
}

@online{urlec4d28ca,
    url = {https://pubmed.ncbi.nlm.nih.gov/11525263/}
}

@online{url40343dc5,
    url = {https://raypeatforum.com/community/threads/repigmentation-of-gray-hair-after-thyroid-hormone-treatment.5718/post-942452}
}

@online{url26a5fa68,
    url = {https://academic.oup.com/jcem/article/93/11/4381/2627273?login=false}
}

@online{urle777fc94,
    url = {https://onlinelibrary.wiley.com/doi/abs/10.1046/j.0412-5463.2001.00109.x}
}

@online{url707f0897,
    url = {https://en.wikipedia.org/wiki/Perchlorate}
}

@online{url51c8b450,
    url = {https://www.nature.com/articles/s41594-020-0417-5}
}

@online{urle2429899,
    url = {https://www.hopkinsmedicine.org/news/newsroom/news-releases/research-story-tip-something-in-the-water-environmental-pollutant-may-be-more-hazardous-than-previously-thought}
}

@online{url69937ca3,
    url = {https://u7061146.ct.sendgrid.net/ls/click?upn=4tNED-2FM8iDZJQyQ53jATUfJCN8091c-2Bf2Y2UAgSSVGh2ugsAhGScYCKI6RIfM5RIzfelcEu7iwMz5-2BFJd03BCg-3D-3DIo-5_-2FcFjQ-2BLQ8PjoqrOm7aeTguh3f9O7AwumtpnJA1hrzwN8NTAf3SrBQ22JUzeywkdkqyOkf2CYzl7DT7tmQMn1Ajy-2Bi4Zw8PciHC-2Fu-2FuuEOJoCDtfcmkFTLUY-2Fi8MIQz3ynGA4EU97P8FSLHqrcT0n7JXK4PMziFt1TL-2BYI0-2Fyug4yOUSBzKNs7-2FKdJUAnVcEVZtF1Ov62j3NWszuD1jMN2G0XyMqg-2FRf1S9-2BgI6aKhmq6YfcMfm8OYFzas8SMsRebXhkGDLHfPcOLiUGWhoyWu276aCK4BQ7QTAmTxpJXFC9pnL62YSQalb1zSA4GGFj-2FMXv-2FC81Q0hWerOLyFN-2FVSpq0MtwdXnUVJha79WyJmD8-3D}
}

@online{urlec4167e9,
    url = {https://raypeatforum.com/community/threads/estrogen-not-hpv-causes-cervical-cancer-progesterone-can-stop-reverse-it.31878/}
}

@online{url97709b1d,
    url = {https://en.wikipedia.org/wiki/Apigenin}
}

@online{urlc2e18f85,
    url = {https://en.wikipedia.org/wiki/Phytoprogestogen}
}

@online{url94b1550d,
    url = {https://raypeatforum.com/community/threads/anti-histamines-may-prevent-treat-melanoma.34876/}
}

@online{url72b784b9,
    url = {https://pubmed.ncbi.nlm.nih.gov/32340124/}
}

@online{url3ece0ce8,
    url = {https://www.laboratoriumdiscounter.nl/en/}
}

@online{url1d9f69a8,
    url = {https://pubmed.ncbi.nlm.nih.gov/31081692/}
}

@online{url80f2c15b,
    url = {https://www.nature.com/articles/s43018-020-0080-0}
}

@online{url725bc233,
    url = {https://www.genengnews.com/news/lymphoma-associated-metabolic-enzyme-may-be-a-drug-target/}
}

@online{url94583243,
    url = {https://www.ncbi.nlm.nih.gov/pmc/articles/PMC7211589/}
}

@online{url3b112af7,
    url = {https://www.ncbi.nlm.nih.gov/pmc/articles/PMC3446724/}
}

@online{url9d5ba981,
    url = {https://www.businessinsider.com/young-blood-transfusions-open-accepting-paypal-payments-cities-ambrosia-2019-1}
}

@online{url42a62314,
    url = {https://en.wikipedia.org/wiki/Parabiosis}
}

@online{url20ea6d16,
    url = {https://www.aging-us.com/article/103418/text}
}

@online{url99b31fe8,
    url = {https://news.berkeley.edu/2020/06/15/diluting-blood-plasma-rejuvenates-tissue-reverses-aging-in-mice/}
}

@online{url3120d0f4,
    url = {https://news.berkeley.edu/2016/11/22/young-blood-does-not-reverse-aging-in-old-mice-uc-berkeley-study-finds/}
}

@online{urlb1751c6a,
    url = {https://bengreenfieldfitness.com/podcast/anti-aging-podcasts/young-blood-transfusions/}
}

@online{url77b73d5e,
    url = {https://www.blueletterbible.org/search/search.cfm?Criteria=life+flesh+blood&t=KJV}
}

@online{urlfc100e58,
    url = {https://joshmitteldorf.scienceblog.com/2019/02/05/rumors-of-age-reversal-the-plasma-fraction-cure/}
}

@online{urle935f3c4,
    url = {http://raypeat.com/articles/articles/salt.shtml}
}

@online{url4f0e8d48,
    url = {https://en.m.wikipedia.org/wiki/Plasmapheresis}
}

@online{url501a4971,
    url = {https://en.m.wikipedia.org/wiki/Blood_donation}
}

@online{url6a0eaac1,
    url = {https://raypeatforum.com/community/threads/irons-dangers.306/page-2}
}

@online{url0d7ed773,
    url = {https://youtu.be/7H06_zxlCNI?list=PLYcLrRDaR8_fWnO-b3adl2uVdB-xNhm5C&t=953}
}

@online{url075d0a15,
    url = {https://raypeatforum.com/community/threads/have-you-tried-neural-therapy-injecting-procaine-or-lidocaine.27429/}
}

@online{url80cee723,
    url = {https://en.wikipedia.org/wiki/Fulvestrant}
}

@online{url71c4bad3,
    url = {https://repository.lib.ncsu.edu/handle/1840.16/5314}
}

@online{url06454014,
    url = {https://core.ac.uk/download/pdf/82416775.pdf}
}

@online{url7c046dae,
    url = {https://www.deseret.com/1996/10/29/19274364/hair-raising-test-estrogen-linked-to-baldness}
}

@online{url7d93f157,
    url = {https://www.baltimoresun.com/news/bs-xpm-1997-01-22-1997022090-story.html}
}

@online{urladb9a7a8,
    url = {https://www.baltimoresun.com/topic/education/colleges-universities/north-carolina-state-university-OREDU0000541-topic.html}
}

@online{url7da92e86,
    url = {https://raypeatforum.com/community/threads/bald-guy-regrows-hair-with-birth-control-pills.34807/}
}

@online{urld2faa085,
    url = {https://pubmed.ncbi.nlm.nih.gov/7586614/}
}

@online{url288aa353,
    url = {https://raypeatforum.com/community/threads/interesting-facts-about-cyproterone-hair-loss.31284/}
}

@online{urlee4da5de,
    url = {https://www.dannyroddy.com/weblog/centralilityoftheliverinbaldness}
}

@online{url829a143c,
    url = {https://pubchem.ncbi.nlm.nih.gov/compound/exemestane}
}

@online{urlb0603ebb,
    url = {https://pubmed.ncbi.nlm.nih.gov/31010486/}
}

@online{urlfae3ba67,
    url = {https://pubmed.ncbi.nlm.nih.gov/28711970/}
}

@online{urlec721ca1,
    url = {https://pubmed.ncbi.nlm.nih.gov/24534277/}
}

@online{url6db010a0,
    url = {https://pubmed.ncbi.nlm.nih.gov/32148484/}
}

@online{urld31e00f9,
    url = {https://pubmed.ncbi.nlm.nih.gov/28798373/}
}

@online{url86ebfb19,
    url = {https://pubmed.ncbi.nlm.nih.gov/27304785/}
}

@online{url99f65aea,
    url = {https://academic.oup.com/endo/article/142/11/4589/2988522?fbclid=IwAR0XMSYQJx30k0hKbPwN6MllPZYE67jGSS-6Xz7iPjXjIn6KvekcOcsPyXg}
}

@online{urlb8e64368,
    url = {https://www.ncbi.nlm.nih.gov/pmc/articles/PMC5227141/?fbclid=IwAR3FAGBmKNQxn0AmE0k-58kUjundJHui1kw8ZlwbRk2Y8cALtOVsufjO-as}
}

@online{url77272adb,
    url = {https://raypeatforum.com/community/attachments/18430/}
}

@online{urlff85c677,
    url = {https://www.ncbi.nlm.nih.gov/pmc/articles/PMC4038786/}
}

@online{url40fee94b,
    url = {https://raypeatforum.com/community/attachments/18242/}
}

@online{url468e9c72,
    url = {https://www.sciencedirect.com/topics/biochemistry-genetics-and-molecular-biology/cholesterol-side-chain-cleavage-enzyme}
}

@online{url5710aa9b,
    url = {https://pubmed.ncbi.nlm.nih.gov/18206211/}
}

@online{url9a52cda7,
    url = {https://pubmed.ncbi.nlm.nih.gov/19477485/}
}

@online{url7f85f5d7,
    url = {https://pubmed.ncbi.nlm.nih.gov/19671632/}
}

@online{urlec3a7494,
    url = {https://scholar.google.com/scholar_lookup?journal=Acta+Physiol+Lat+Am&title=Effects+of+cyproterone+and+tamoxifen+upon+the+hair+waves+inmice&author=NH+Arias&author=AB+Houssay&author=SA+Pieretti&volume=32&issue=4&publication_year=1982&pages=261-266&pmid=7186742&}
}

@online{url68b2d804,
    url = {https://pubmed.ncbi.nlm.nih.gov/18547308/}
}

@online{url5003cdbb,
    url = {https://www.reddit.com/r/tressless/comments/gp8w6v/pretty_incredible_progress_after_22_months_of_fin/}
}

@online{url3b091cd7,
    url = {https://www.reddit.com/r/tressless/comments/hp76q5/finasteride_and_minoxidil_2_month_update_from/}
}

@online{url60305176,
    url = {https://pubmed.ncbi.nlm.nih.gov/16434455/}
}

@online{urla761c446,
    url = {https://ibb.co/yqB0q5z}
}

@online{url17e8d463,
    url = {https://ibb.co/8jrfVfk}
}

@online{urlc2584d75,
    url = {https://www.ncbi.nlm.nih.gov/pmc/articles/PMC3390338/}
}

@online{urlff9afeed,
    url = {https://pubmed.ncbi.nlm.nih.gov/12445192/}
}

@online{urlf2a0f1d3,
    url = {https://www.ncbi.nlm.nih.gov/pmc/articles/PMC3050097/}
}

@online{url576b8719,
    url = {https://patents.google.com/patent/US6020327A/en[/URLL}
}

@online{urldbd7790b,
    url = {http://}
}

@online{urlb27875ae,
    url = {https://dergipark.org.tr/tr/download/article-file/390083.This}
}

@online{url0776a310,
    url = {http://doi.org/10.1126/science.abd2209}
}

@online{url4e7e4eab,
    url = {https://www.sciencemag.org/news/2020/06/humans-these-big-brained-birds-may-owe-their-smarts-long-childhoods}
}

@online{url8a2cdb7f,
    url = {https://www.scientificamerican.com/article/why-does-the-brain-need-s/}
}

@online{url1999498f,
    url = {https://www.sciencemag.org/news/2016/08/was-betty-crow-genius-or-robot}
}

@online{urlca760877,
    url = {https://www.sciencemag.org/news/2010/02/caveman-or-****-cheney-crows-know-difference}
}

@online{urlb23a0726,
    url = {https://www.sciencemag.org/news/2009/10/physics-its-all-same-birds-and-babies}
}

@online{url0bb5b336,
    url = {https://science.sciencemag.org/content/341/6141/22}
}

@online{url0ed1a755,
    url = {https://royalsocietypublishing.org/doi/pdf/10.1098/rstb.2019.0495}
}

@online{urlf3c065a8,
    url = {https://raypeatforum.com/community/threads/rockefeller-reset-the-table-food-supply-tyranny.35848/}
}

@online{url09ff8835,
    url = {https://www.youtube.com/playlist?list=PLHSoxioQtwZfY2ISsNBzJ-aOZ3APVS8br}
}

@online{url054e8f38,
    url = {https://raypeatforum.com/community/threads/bonobos-do-not-age-due-to-high-thyroid-hormone.3704/}
}

@online{url0960c1be,
    url = {https://www.youtube.com/watch?v=FvnglzH0u7E}
}

@online{url9465fa20,
    url = {https://i.pinimg.com/originals/8c/22/43/8c2243a6a59dc3b54998b3706ce3f632.jpg}
}

@online{url6b40a5f9,
    url = {https://en.wikipedia.org/wiki/Prehistory}
}

@online{url15b47add,
    url = {https://en.wikipedia.org/wiki/Catastrophism}
}

@online{url2a5ca143,
    url = {https://en.wikipedia.org/wiki/Younger_Dryas_impact_hypothesis}
}

@online{urlae5dbfe4,
    url = {https://en.wikipedia.org/wiki/Climate_change_(general_concept)}
}

@online{url74c0f0e3,
    url = {https://en.wikipedia.org/wiki/Sea-level_rise}
}

@online{url8a714fcc,
    url = {https://en.wikipedia.org/wiki/Göbekli_Tepe}
}

@online{urla9fe5397,
    url = {https://en.wikipedia.org/wiki/Baalbek}
}

@online{urldac791fc,
    url = {https://en.wikipedia.org/wiki/Pyramids_of_Giza}
}

@online{url74c909b6,
    url = {http://tanyewwei.com/blog/}
}

@online{url312091f0,
    url = {https://en.wikipedia.org/wiki/Fingerprints_of_the_Gods}
}

@online{url21b44d01,
    url = {https://www.nevyns-lab.com/mathis/mirror/mileswmathis.com/hanco.pdf}
}

@online{urlcaa76bee,
    url = {https://raypeatforum.com/community/threads/estrogen-and-cortisol-not-androgens-suppress-immunity.31875/}
}

@online{url6eca4a81,
    url = {https://raypeatforum.com/community/threads/estrogen-is-not-needed-for-muscle-bone-growth-and-anabolism.27276/}
}

@online{urle9ba6335,
    url = {https://pubmed.ncbi.nlm.nih.gov/24751323/}
}

@online{url397249a4,
    url = {https://pubmed.ncbi.nlm.nih.gov/4084053/}
}

@online{url85475cc6,
    url = {https://raypeatforum.com/community/threads/why-does-tamoxifen-seem-to-cause-low-libido-and-e-d.34498/}
}

@online{urlf08fcafa,
    url = {https://en.wikipedia.org/wiki/Gamma-butyrobetaine_dioxygenase#Inhibition}
}

@online{url7ad7ceb0,
    url = {https://en.wikipedia.org/wiki/Meldonium}
}

@online{urlc6c9349a,
    url = {https://en.wikipedia.org/wiki/Gamma-butyrobetaine_dioxygenase}
}

@online{urla69c96e6,
    url = {https://en.wikipedia.org/wiki/Randle_cycle}
}

@online{url351c3868,
    url = {https://www.ncbi.nlm.nih.gov/pmc/articles/PMC6194352/}
}

@online{url2eea15b6,
    url = {https://pubmed.ncbi.nlm.nih.gov/1988434/}
}

@online{url5a4a1a26,
    url = {https://cancerdiscovery.aacrjournals.org/content/early/2020/07/18/2159-8290.CD-20-0288}
}

@online{urlb41e81e6,
    url = {https://www.eurekalert.org/pub_releases/2020-07/usmc-tnb072220.php}
}

@online{urlacdeb471,
    url = {https://www.cell.com/neuron/fulltext/S0896-6273(20)30475-X}
}

@online{url034b1250,
    url = {http://news.mit.edu/2020/neural-vulnerability-huntingtons-disease-tied-to-mitochondrial-rna-release-0721}
}

@online{urlecc479e5,
    url = {https://picower.mit.edu/innovations-inventions/trap}
}

@online{urlb166aa73,
    url = {https://pubmed.ncbi.nlm.nih.gov/4249302/}
}

@online{urlb3490ef3,
    url = {http://citeseerx.ist.psu.edu/viewdoc/download?doi=10.1.1.575.1488&rep=rep1&type=pdf}
}

@online{url2d643bb4,
    url = {https://pubmed.ncbi.nlm.nih.gov/20698844/}
}

@online{url25bde7f8,
    url = {https://de.iherb.com/pr/life-flo-health-pregnenolone-2-oz-57-g/15119}
}

@online{url86a8859b,
    url = {https://raypeatforum.com/community/attachments/29711/}
}

@online{urlcdb35c6e,
    url = {https://www.ncbi.nlm.nih.gov/pmc/articles/PMC4508301/}
}

@online{url697dc734,
    url = {https://pubmed.ncbi.nlm.nih.gov/6707906/}
}

@online{url9173dc29,
    url = {https://raypeatforum.com/community/threads/apply-topical-supplements-to-your-belly-button.35633/}
}

@online{urlc0cdd928,
    url = {https://royalsocietypublishing.org/doi/10.1098/rsbl.2020.0272}
}

@online{urldbcc4574,
    url = {https://nypost.com/2020/07/22/bats-are-better-at-social-distancing-than-people-while-sick-study/}
}

@online{url5be45834,
    url = {https://pubmed.ncbi.nlm.nih.gov/28087544/}
}

@online{urlb263aee5,
    url = {https://raypeatforum.com/community/threads/healing-midbrain-damage-chronic-fatigue-syndrome.35897/page-4}
}

@online{urlf3a236e6,
    url = {https://raypeatforum.com/community/attachments/19465/}
}

@online{url8c99bae9,
    url = {https://www.washingtonpost.com/news/worldviews/wp/2014/11/14/the-tense-standoff-between-catholic-bishops-and-the-kenyan-government-over-tetanus-vaccines/}
}

@online{url6de7843b,
    url = {https://pubmed.ncbi.nlm.nih.gov/12346214/}
}

@online{urla90f47a0,
    url = {https://www.scientificamerican.com/article/ruperts-resonance/}
}

@online{url78e17f2b,
    url = {https://www.wired.com/story/the-world-might-actually-run-out-of-people/}
}

@online{url09e044e4,
    url = {https://www.thelancet.com/journals/lancet/article/PIIS0140-6736(20)30677-2/fulltext}
}

@online{url46a0cb3f,
    url = {https://www.bbc.com/news/health-53409521}
}

@online{urlc36b00d8,
    url = {https://www.sciencealert.com/earth-s-population-is-destined-to-peak-in-forty-years-before-dropping-and-we-need-to-act}
}

@online{urlcb8e4731,
    url = {https://www.scimex.org/newsfeed/world-population-forecast-to-peak-at-9.7bn-in-2064-then-shrink-by-2100}
}

@online{url0f234e32,
    url = {https://www.ncbi.nlm.nih.gov/pmc/articles/PMC6193534/}
}

@online{urlae075a08,
    url = {https://www.sciencealert.com/america-s-birth-rate-is-the-lowest-it-s-been-in-more-than-three-decades}
}

@online{url87f66c13,
    url = {https://en.wikipedia.org/wiki/Abiogenic_petroleum_origin}
}

@online{url1b1e6724,
    url = {https://raypeatforum.com/community/posts/517750}
}

@online{url7773931b,
    url = {https://raypeatforum.com/community/posts/502544}
}

@online{urlb4a5bd01,
    url = {https://pubmed.ncbi.nlm.nih.gov/24248371/}
}

@online{url85a762ef,
    url = {https://www.cell.com/pb-assets/journals/trends/cancer/TRECAN59.pdf}
}

@online{url1656aa7e,
    url = {https://pubmed.ncbi.nlm.nih.gov/19187776/}
}

@online{url90584d76,
    url = {https://pubmed.ncbi.nlm.nih.gov/20186550/}
}

@online{url944744d3,
    url = {https://www.nature.com/articles/ncomms7426}
}

@online{url5d405858,
    url = {https://www.statnews.com/2016/04/19/lab-mice-temperature/}
}

@online{urld3af98dd,
    url = {http://www.ncbi.nlm.nih.gov/pubmed/24248371}
}

@online{urlfefac612,
    url = {http://www.ncbi.nlm.nih.gov/pubmed/20186550}
}

@online{url01da53e4,
    url = {http://www.nature.com/ncomms/2015/150310/ncomms7426/full/ncomms7426.html}
}

@online{url0d3b7a88,
    url = {http://excipients.ucsf.bkslab.org/}
}

@online{urlc294289e,
    url = {https://science.sciencemag.org/content/369/6502/403}
}

@online{url4634012e,
    url = {https://www.ucsf.edu/news/2020/07/418146/some-inert-drug-ingredients-may-be-biologically-active}
}

@online{urled5ea879,
    url = {https://www.novartis.com/our-science/novartis-institutes-biomedical-research}
}

@online{url20342cfc,
    url = {https://raypeatforum.com/community/threads/johnson-johnson-concealed-for-decades-its-baby-powder-had-asbestos.26919/}
}

@online{url485cbf3c,
    url = {https://raypeatforum.com/community/threads/estrogen-not-androgens-as-a-cause-of-pcos-and-related-cancers.19351/}
}

@online{url0f906415,
    url = {https://www.fertstert.org/article/S0015-0282(12)00437-2/fulltext}
}

@online{url9f079b1e,
    url = {https://www.ncbi.nlm.nih.gov/pmc/articles/PMC6004595/}
}

@online{url8dd18ea4,
    url = {https://en.civilica.com/Paper-RMED08-RMED08_202=Eugenol-recovers-some-endocrine-and-histological-changes-in-a-rat-model-of-polycystic-ovary-syndrome.html}
}

@online{url39f001f4,
    url = {http://armaghanj.yums.ac.ir/browse.php?a_id=449&sid=1&slc_lang=en}
}

@online{url8b2e8574,
    url = {https://www.sciencedirect.com/science/article/abs/pii/S0143417919301064}
}

@online{url12ad84dc,
    url = {https://europepmc.org/article/PMC/6015245}
}

@online{url0c7e0461,
    url = {http://www.ijwhr.net/pdf/pdf_IJWHR_114.pdf}
}

@online{url5ac7d35e,
    url = {https://rbej.biomedcentral.com/articles/10.1186/s12958-019-0539-y}
}

@online{url581a4111,
    url = {http://eurjanat.com/web/paper.php?id=180429en}
}

@online{url586d562a,
    url = {https://www.apa.org/pubs/journals/releases/bul-bul0000270.pdf}
}

@online{urld7095a60,
    url = {https://www.theguardian.com/science/2020/aug/03/children-who-suffer-violence-or-trauma-age-faster-study-finds}
}

@online{url7bd3c557,
    url = {https://www.theguardian.com/world/2020/aug/23/why-do-covid-fatalities-remain-low-when-infection-numbers-are-rising}
}

@online{url317f166c,
    url = {https://www.cdc.gov/coronavirus/2019-ncov/lab/multiplex.html}
}

@online{url3698d2b0,
    url = {https://www.sciencedaily.com/releases/2005/12/051210120020.htm}
}

@online{urle476f825,
    url = {https://www.bmj.com/content/346/bmj.f3037.full}
}

@online{url18e102e6,
    url = {https://www.nytimes.com/2020/03/26/health/coronavirus-ventilator-sharing.html}
}

@online{url24e3a8b1,
    url = {https://www.foxnews.com/health/ventilator-shortage-coronavirus-crisis-doctors-decide-who-lives-dies}
}

@online{url4f6d8fab,
    url = {https://www.nytimes.com/2020/03/18/business/coronavirus-ventilator-shortage.html}
}

@online{urld958c8c3,
    url = {https://www.reuters.com/article/us-health-coronavirus-ventilators-specia/special-report-as-virus-advances-doctors-rethink-rush-to-ventilate-idUSKCN2251PE}
}

@online{url06f78e14,
    url = {https://ourworldindata.org/coronavirus-data}
}

@online{urlf4b93e2b,
    url = {https://www.biospace.com/article/mutated-covid-19-viral-strain-in-us-and-europe-much-more-contagious/}
}

@online{url3fabba20,
    url = {https://www.minds.com/CorbettReport/blog/resistance-is-fertile-1144806518530822144}
}

@online{url3a02a0b7,
    url = {https://www.rki.de/DE/Content/InfAZ/N/Neuartiges_Coronavirus/Situationsberichte/2020-05-28-en.pdf?__blob=publicationFile}
}

@online{url24088f29,
    url = {https://www.rki.de/DE/Content/InfAZ/N/Neuartiges_Coronavirus/Situationsberichte/2020-08-13-en.pdf?__blob=publicationFile}
}

@online{urlbb871885,
    url = {https://www.cambridge.org/core/journals/disaster-medicine-and-public-health-preparedness/article/are-we-waiting-for-godot-a-metaphor-for-covid19/1B4897852A8FFCC27CF6A04A5F89BA13}
}

@online{urlaf242edd,
    url = {https://www.mayoclinic.org/symptoms/hypoxemia/basics/definition/sym-20050930}
}

@online{url07edc69f,
    url = {https://wmbriggs.com/post/32316/}
}

@online{url60855133,
    url = {https://www.virology.ws/2020/10/22/an-explanation-for-the-poor-short-lived-antibodies-produced-during-serious-sars-cov-2-infection/}
}

@online{url5bfb2d7e,
    url = {https://www.dnaindia.com/health/report-people-with-thyroid-problems-at-greater-risk-of-anxiety-says-study-2841617}
}

@online{url7fc81c72,
    url = {https://raypeatforum.com/community/posts/449604}
}

@online{url04541818,
    url = {https://onlinelibrary.wiley.com/doi/full/10.1111/bpa.12886}
}

@online{urlc1a4959f,
    url = {https://parkinsonsnewstoday.com/2020/08/05/inhaled-toxins-linked-brain-inflammation-in-ways-promote-parkinsons-study-finds/}
}

@online{url38ee7d9a,
    url = {https://raypeatforum.com/community/posts/444771}
}

@online{url1e3de0ea,
    url = {https://www.scientificamerican.com/article/does-parkinsons-begin-in-the-gut/}
}

@online{url1daa6f45,
    url = {https://www.ncbi.nlm.nih.gov/pmc/articles/pmid/27708338/}
}

@online{url950d5ca8,
    url = {https://louisville.edu/medicine/departments/neurology/faculty/friedland}
}

@online{url3013aa9e,
    url = {http://journals.plos.org/plosone/article?id=10.1371/journal.pone.0142164}
}

@online{url7cd98884,
    url = {http://physiology.emory.edu/tansey/people/index.html}
}

@online{urlb5851295,
    url = {https://www.wsj.com/articles/covid-lockdowns-economy-pandemic-recession-business-shutdown-sweden-coronavirus-11598281419}
}

@online{urle2c1e74b,
    url = {https://www.dailymail.co.uk/debate/article-8631149/PETER-HITCHENS-state-sponsored-panic-times-killed-people-Covid-did.html}
}

@online{urldbf2d424,
    url = {https://www.i-sis.org.uk/index.php}
}

@online{url1be76c52,
    url = {https://jordanschachtel.substack.com/p/the-worlds-toughest-lockdown-has?r=6a3x3&utm_campaign=post&utm_medium=web&utm_source=twitter}
}

@online{urla82d2e41,
    url = {https://twitter.com/rnikoley}
}

@online{urlb29aec34,
    url = {https://hive.blog/agorism/@corbettreport/rejoice-the-agoria-is-growing}
}

@online{url244f2253,
    url = {https://norberthaering.de/wp-content/uploads/2020/05/Scenarios-for-the-Future-ofTechnology-and-International-Development.pdf}
}

@online{url0c1a4b34,
    url = {https://www.sourcecon.com/best-sourcing-unblockers-view-paywalled-articles-for-free/}
}

@online{urlc43034c6,
    url = {https://medium.com/menlo-office/how-to-get-around-newspaper-paywalls-in-2020-read-article-for-free-6d62bd91bd63}
}

@online{url64d39f0e,
    url = {https://milkeninstitute.org/podcast/ep-9/eric-schmidt}
}

@online{url9e7d4fbe,
    url = {https://www.euronews.com/2020/08/28/hungary-to-close-its-borders-in-bid-to-curb-covid-19-resurgence}
}

@online{urlf9af5f29,
    url = {https://www.zdf.de/politik/maybrit-illner/laumann-lockdown-nicht-noch-einmal-so-machen-20-august-2020-100.html}
}

@online{url15278456,
    url = {https://www.welt.de/politik/deutschland/article214346690/Jens-Spahn-kuendigt-verstaerktes-Quarantaene-Regime-an.html}
}

@online{urladf17f42,
    url = {https://metro.co.uk/2020/08/23/water-rationing-food-shortages-second-wave-clashes-no-deal-brexit-13166025/}
}

@online{urlcc6bfd01,
    url = {https://www.thesun.co.uk/news/12474511/emergency-plans-perfect-storm-no-deal-brexit-coronavirus-second-wave/}
}

@online{url4912d5b4,
    url = {https://www.wddty.com/news/2020/08/doctor-silenced-over-successful-covid-therapy.html}
}

@online{url2fbe20be,
    url = {https://cf5e727d-d02d-4d71-89ff-9fe2d3ad957f.filesusr.com/ugd/adf864_cc5004cfa84a46d3b1a0338d4308c42c.pdf}
}

@online{urla68faf81,
    url = {https://www.bitchute.com/video/IlDBFTyXozUd/}
}

@online{urleed602dd,
    url = {https://elemental.medium.com/a-supercomputer-analyzed-covid-19-and-an-interesting-new-theory-has-emerged-31cb8eba9d63}
}

@online{url962fd8a8,
    url = {https://en.m.wikipedia.org/wiki/Bradykinin}
}

@online{url62ef6080,
    url = {https://elemental.medium.com/what-black-people-need-to-know-about-vitamin-d-and-covid-19-5bf5885d5288}
}

@online{urlc46100e8,
    url = {https://papers.ssrn.com/sol3/papers.cfm?abstract_id=3571484}
}

@online{url2259c4f8,
    url = {https://www.ncbi.nlm.nih.gov/pmc/articles/PMC3126987/}
}

@online{url585a085e,
    url = {https://brandnewtube.com/v/wwrBlL}
}

@online{url676c2195,
    url = {https://www.nyp.org/news/Researcher-Shows-Progesterone-Is-Sex-and-Blood-Pressure-Hormone}
}

@online{urldb2837e7,
    url = {https://drwongsessentials.com/karuna-pure-progesterone-cream/}
}

@online{urlde3f40b7,
    url = {https://en.wikipedia.org/wiki/Fatty_acid_synthase}
}

@online{urlba9ea84b,
    url = {https://en.wikipedia.org/wiki/Ligand_(biochemistry)}
}

@online{urlf43b434b,
    url = {https://en.wikipedia.org/wiki/Peroxisome_proliferator-activated_receptor_alpha}
}

@online{url23a39b11,
    url = {https://en.wikipedia.org/wiki/Fibrate}
}

@online{url0709dc90,
    url = {https://en.wikipedia.org/wiki/Orlistat}
}

@online{url97f93e0d,
    url = {https://en.wikipedia.org/wiki/Discovery_and_development_of_gastrointestinal_lipase_inhibitors#Shift_towards_cancer_treatment}
}

@online{url4fa8fd60,
    url = {https://en.wikipedia.org/wiki/N-terminus}
}

@online{urlcb74d81c,
    url = {https://en.wikipedia.org/wiki/C-terminus}
}

@online{url9e87e333,
    url = {https://en.wikipedia.org/wiki/Fatty_acid_synthase#cite_note-entrez-8}
}

@online{urlade4374d,
    url = {https://www.sciencedaily.com/releases/2019/03/190313185420.htm}
}

@online{urlf3e1f51e,
    url = {https://cancerres.aacrjournals.org/content/79/10/2494}
}

@online{urlaf895a75,
    url = {https://en.wikipedia.org/wiki/Wernicke–Korsakoff_syndrome}
}

@online{url38733f48,
    url = {https://en.wikipedia.org/wiki/Lipofuscin}
}

@online{urld0fa0b79,
    url = {https://alz-journals.onlinelibrary.wiley.com/doi/full/10.1002/alz.12146}
}

@online{url2c08e88c,
    url = {https://www.sciencedaily.com/releases/2020/09/200909100248.htm}
}

@online{url10f55c9c,
    url = {https://www.researchgate.net/profile/Tavga_Aziz/publication/324454848_Effect_of_benfotiamine_on_hepatic_tissue_levels_of_Effect_of_benfotiamine_on_hepatic_tissue_levels_of_free_calcium_copper_iron_and_zinc_during_CCl4-induced_hepatotoxicity_in_rats/links/5ace66380f7e9b18965a31e5/Effect-of-benfotiamine-on-hepatic-tissue-levels-of-Effect-of-benfotiamine-on-hepatic-tissue-levels-of-free-calcium-copper-iron-and-zinc-during-CCl4-induced-hepatotoxicity-in-rats.pdf?origin=publication_detail}
}

@online{url590dd08b,
    url = {https://electrobionics.org/ionic_radii.pdf}
}

@online{url56afcd13,
    url = {https://www.nature.com/articles/nm920}
}

@online{url0401ff22,
    url = {https://www.theregister.com/2012/01/20/alcohol_doubles_lifespan/}
}

@online{urlcdc506a8,
    url = {https://www.eurekalert.org/pub_releases/2012-01/uoc--tao012012.php}
}

@online{url9347227a,
    url = {https://journals.plos.org/plosone/article?id=10.1371/journal.pone.0029984}
}

@online{urle71d1e64,
    url = {https://en.wikipedia.org/wiki/TLR4#Agonists}
}

@online{url21d3f6e9,
    url = {https://en.wikipedia.org/wiki/TLR4#Antagonists}
}

@online{urlb9cc51bb,
    url = {https://www.biorxiv.org/content/10.1101/2020.06.19.162057v1}
}

@online{url53fde0c8,
    url = {https://medicalxpress.com/news/2020-08-immune-receptor-thought-linked-loss.html}
}

@online{urle1ec55e7,
    url = {https://medicalxpress.com/tags/cancer+therapy/}
}

@online{url5341a997,
    url = {https://medicalxpress.com/tags/cancer+cells/}
}

@online{urlfa0a0995,
    url = {https://medicalxpress.com/tags/immune+receptor/}
}

@online{url7633f487,
    url = {https://www.pnas.org/content/104/41/16239}
}

@online{urlf5299b4e,
    url = {https://raypeatforum.com/community/posts/502559}
}

@online{url59e914ee,
    url = {https://raypeatforum.com/community/posts/455889}
}

@online{url0217c359,
    url = {https://www.newsweek.com/fluoridation-may-not-prevent-cavities-huge-study-shows-348251}
}

@online{urlbae9d5dc,
    url = {https://www.theatlantic.com/magazine/archive/2020/04/why-fluoride-water/606784/}
}

@online{url46ca8fc4,
    url = {https://www.nidcr.nih.gov/health-info/fluoride/the-story-of-fluoridation}
}

@online{urlee136902,
    url = {https://pubmed.ncbi.nlm.nih.gov/10573939/}
}

@online{urlcbb2b2cb,
    url = {https://fluoridealert.org/content/processed-drinks/}
}

@online{urlc495f420,
    url = {https://raypeatforum.com/community/threads/why-do-covid-fatalities-remain-low-when-infection-numbers-are-rising.36082/}
}

@online{url40d0c065,
    url = {https://raypeatforum.com/community/threads/new-york-times-on-pcr-test-accuracy.36188/}
}

@online{url8ef3be3f,
    url = {https://www.wsj.com/articles/the-failed-experiment-of-covid-lockdowns-11599000890}
}

@online{urled96407f,
    url = {https://wits.worldbank.org/trade/comtrade/en/country/ALL/year/2018/tradeflow/Exports/partner/WLD/nomen/h5/product/902780}
}

@online{url2d902ebd,
    url = {https://www.channelnewsasia.com/news/business/china-may-dump-us-treasury-bonds-notes-global-times-13082646}
}

@online{url231351c8,
    url = {https://www.cybex.in/hs-codes/instruments-and-apparatus-for-physical-heading-9027.aspx}
}

@online{urlbf6d73c0,
    url = {https://www.researchgate.net/publication/254456175_Unlocking_Bangladesh-India_trade_emerging_potential_and_the_way_forward}
}

@online{url5a8eb26e,
    url = {https://en.wikipedia.org/wiki/Peter_principle}
}

@online{url98c8f486,
    url = {https://fast.wistia.net/embed/channel/8ldhby0yf6?wchannelid=8ldhby0yf6&wvideoid=m1khbiqojl}
}

@online{url85f63279,
    url = {https://en.wikipedia.org/wiki/Planck's_principle#}
}

@online{url4aad1e41,
    url = {https://blog.nomorefakenews.com/2020/09/07/political-battle-over-covd-vaccine-your-health-is-of-no-concern/}
}

@online{urle5f50aee,
    url = {https://www.deutschlandfunk.de/covid-19-warum-die-corona-sterberate-so-niedrig-und-die.1939.de.html?drn:news_id=1169709}
}

@online{urle26b30a9,
    url = {https://www.youtube.com/watch?v=uwGcgSDasZ0}
}

@online{url10f1ad73,
    url = {https://www.youtube.com/c/Cryptoteacher/videos}
}

@online{url0a1050f2,
    url = {https://web.archive.org/web/20200907022640/https://unlimitedhangout.com/2020/09/investigative-reports/bipartisan-washington-insiders-reveal-their-plan-for-chaos-if-trump-wins-the-election/}
}

@online{urla5043e52,
    url = {https://www.youtube.com/watch?v=1SU7VuX-Ip8&t=1s}
}

@online{urle36c5e0c,
    url = {https://www.mintpressnews.com/shocking-origins-jeffrey-epstein-blackmail-roy-cohn/260621/}
}

@online{url50ead24e,
    url = {https://www.youtube.com/redirect?redir_token=QUFFLUhqbUV2Mm1pTF9wZldZRWJ6MEJWOWVYaTFMXzI2UXxBQ3Jtc0ttM1RpX3FJY3ZDWmJaR3VJZC11TVNESlNfUnZxdXRvbjgwaWxDbDlnanZTYTZCeVdQdDczMVMxOVB5cl9lQ2hIMFItT3lPOVpQUGNIbWp4RkNFVGlvQno2NTZlYTc4WXpYNUlWZDFBb2RidXN1cUVCNA==&q=https://www.mintpressnews.com/blackmail-jeffrey-epstein-trump-mentor-reagan-era/260760/&event=video_description&v=4nfSq2-P9Lo}
}

@online{url049ecde1,
    url = {https://www.youtube.com/redirect?redir_token=QUFFLUhqa1dVU1VoZF8xeVhUei1mOHV6RXBmWTdGeElFQXxBQ3Jtc0tsTG45ZlNCWlFXSUlrRlQyYUJnbE9tY2NBSjdFU0tGX2VjLWctNzVwd1dFVHVDa05PSXRReTB2ZFZBNHZZTzNiRzV2cDZEbjBndEc4WkN2UWxEU0wtTmNtQ01zU3dKclVLWGFuLUJMMGpXdjFsR1JiNA==&q=https://www.mintpressnews.com/mega-group-maxwells-mossad-spy-story-jeffrey-epstein-scandal/261172/&event=video_description&v=4nfSq2-P9Lo}
}

@online{url734d1c80,
    url = {https://www.youtube.com/watch?v=4nfSq2-P9Lo&list=WL&index=57&t=0s}
}

@online{urlf5582eac,
    url = {https://www.youtube.com/watch?v=ADRRgaPwWeo&list=WL&index=59&t=22s}
}

@online{url72b2e266,
    url = {https://www.youtube.com/watch?v=b61pn-T8Pks&list=LLkvd-CyQ6wEZfs6nRDzU1Aw&index=3&t=0s}
}

@online{url4eceb076,
    url = {https://trance-formation.com/trump-one-of-us/}
}

@online{url81cbfeb9,
    url = {https://www.thegatewaypundit.com/2019/07/prosecutor-in-2009-epstein-case-said-donald-trump-was-the-only-one-who-helped-him/}
}

@online{url9af7e38b,
    url = {https://www.youtube.com/watch?v=lQf-u2nCVSw}
}

@online{url57981261,
    url = {https://www.newsweek.com/history-donald-trump-bill-clinton-friendship-464360}
}

@online{url2b88b048,
    url = {https://paradigmet.blogspot.com/2019/01/trump-is-pied-piper-for-new-world-order.html}
}

@online{url45912d9a,
    url = {https://www.youtube.com/watch?v=gAmpD5MvDw8&list=LLkvd-CyQ6wEZfs6nRDzU1Aw&index=2&t=1s}
}

@online{urlacf6e21f,
    url = {https://www.youtube.com/watch?v=MnMWTWY69fo&list=LLkvd-CyQ6wEZfs6nRDzU1Aw&index=3&t=1s}
}

@online{urla9485478,
    url = {https://www.ise.media/video/exclusive-covid-vaccine-patent-warned-of-deliberate-coronavirus-release-31.html}
}

@online{url21c0e096,
    url = {https://londonreal.tv/}
}

@online{url0707e9b3,
    url = {https://freedomplatform.tv/david-e-martin-exposing-moderna-the-star-of-plandemic-indoctrination-reveals-the-truth/}
}

@online{url75e93a88,
    url = {https://www.bitchute.com/video/FiYgo8ZYCT4/}
}

@online{url97467bb5,
    url = {https://plandemicseries.com/}
}

@online{urle303c56f,
    url = {https://ln2.sync.com/dl/9dda0e3b0/59pve6dj-w4myqunf-qh6b3bx9-4k9gu3ep}
}

@online{urlb018b867,
    url = {https://patents.google.com/patent/US7279327B2/en}
}

@online{url10262c98,
    url = {https://patents.google.com/patent/US7220852B1/en}
}

@online{urlbd30e765,
    url = {https://patents.google.com/patent/US7776521B1/en}
}

@online{url26acf5e2,
    url = {https://patents.google.com/patent/US20060240530A1/en?oq=20060240530}
}

@online{url0f446ca2,
    url = {https://patents.justia.com/patent/20060240530}
}

@online{url589dd932,
    url = {https://patents.justia.com/patent/7556957}
}

@online{url02ad2053,
    url = {https://ln2.sync.com/dl/e9b6876f0/fur9hpcm-5mw7ivwg-xd848jsv-wngfaqxe}
}

@online{url52bb45d9,
    url = {https://ln2.sync.com/dl/3bdb47570/ra5csj2s-3rvi96ae-qf3bgqxh-e5xzgyuf}
}

@online{url11a9bbe3,
    url = {https://science.sciencemag.org/content/295/5564/2325.full}
}

@online{url9db05dc2,
    url = {https://ln2.sync.com/dl/391c4bcf0/xgevrqmu-pafdustd-bebz3ynw-5x85pkwb}
}

@online{urlc6ceb543,
    url = {https://ln2.sync.com/dl/a778859b0/zkiu69pp-gshr2tun-jje4g2fd-4ktamsbj}
}

@online{url108cd94f,
    url = {https://www.ncbi.nlm.nih.gov/pmc/articles/PMC6178078/}
}

@online{urlc64e112f,
    url = {https://www.washingtonpost.com/world/europe/covid-germany-france-lockdown/2020/10/28/934a5908-193d-11eb-8bda-814ca56e138b_story.html}
}

@online{url695a5903,
    url = {https://www.dw.com/en/coronavirus-germany-to-impose-one-month-partial-lockdown/a-55421241}
}

@online{urld41e13b1,
    url = {https://www.kbv.de/media/sp/2020-11-02_KBV-Positionspapier_COVID-19.pdf}
}

@online{urlbaae7929,
    url = {https://raypeatforum.com/community/threads/the-failed-experiment-of-covid-lockdowns.36285/}
}

@online{urld4c7a0dd,
    url = {https://www.cdc.gov/coronavirus/2019-ncov/hcp/planning-scenarios.html}
}

@online{url770da8f2,
    url = {https://www.cnn.com/world/live-news/coronavirus-pandemic-09-11-20-intl/h_62d0c1784b6965c6dd3cff51980670ed}
}

@online{url2c63d361,
    url = {https://raypeatforum.com/community/threads/covid-19-ohio-stands-up-jon-rappoport-interviews-attorney-tom-renz.36511/}
}

@online{url8b5a7612,
    url = {https://home.solari.com/special-solari-report-covid-19-ohio-stands-up-jon-rappoport-interviews-attorney-tom-renz/}
}

@online{url0fbf04b3,
    url = {https://blog.nomorefakenews.com/2020/09/14/covid-major-case-filed-against-ohio-for-restricting-freedom/}
}

@online{url61bf2c68,
    url = {https://www.pscp.tv/w/1ZkKzmrjXOWxv}
}

@online{urlfbf3ecaf,
    url = {https://www.minds.com/newsfeed/1153267093267816448}
}

@online{url3cbf2e89,
    url = {https://www.youtube.com/watch?v=bByDFk8xSIg}
}

@online{urlee29b6c3,
    url = {https://www.theepochtimes.com/judge-rules-pennsylvania-governors-shutdown-orders-unconstitutional_3499183.html?ref=brief_News&utm_source=morningbriefnoe&utm_medium=email&utm_campaign=mb}
}

@online{url94d24655,
    url = {https://raypeatforum.com/community/threads/exclusive-evidence-shows-director-general-of-who-overstated-the-fatality-rate-of-the-coronavirus.33285/}
}

@online{url385c52e4,
    url = {https://www.thegatewaypundit.com/2020/03/exclusive-evidence-shows-director-general-of-world-health-organization-severely-overstated-the-fatality-rate-of-the-coronavirus-leading-to-the-greatest-global-panic-in-history/}
}

@online{url147f92fc,
    url = {https://en.wikipedia.org/wiki/Direct_democracy}
}

@online{url9fef5742,
    url = {https://en.wikipedia.org/wiki/E-democracy}
}

@online{url0b1bcbae,
    url = {https://vaxxter.com/corona-brucella-the-next-wave-of-covid/}
}

@online{url21068f10,
    url = {https://en.wikipedia.org/wiki/Oxandrolone}
}

@online{url5011dc27,
    url = {https://www.ncbi.nlm.nih.gov/pmc/articles/PMC2724246/}
}

@online{urldd5ec35d,
    url = {https://www.ncbi.nlm.nih.gov/pmc/articles/PMC3174551/}
}

@online{url0acec3d6,
    url = {https://journals.physiology.org/doi/full/10.1152/ajprenal.00569.2011}
}

@online{urldf883be3,
    url = {https://www.healthychildren.org/English/health-issues/conditions/head-neck-nervous-system/Pages/AFM.aspx}
}

@online{url0acf4490,
    url = {https://www.usnews.com/news/health-news/articles/2020-08-04/cdc-prepare-for-fall-outbreak-of-rare-polio-like-illness-amf-in-children}
}

@online{urlb3cbc483,
    url = {https://www.cnn.com/2020/09/15/health/covid-19-vaccine-trial-astrazeneca-nih-fda-kaiser/index.html}
}

@online{urlf020ff88,
    url = {https://pubmed.ncbi.nlm.nih.gov/16630313/}
}

@online{url95c294f0,
    url = {https://childrenshealthdefense.org/news/covid-19-vaccine-participant-develops-neurological-symptoms-astrazeneca-pauses-trial/?itm_term=home}
}

@online{urla3ef2ba3,
    url = {https://pubmed.ncbi.nlm.nih.gov/19880568/}
}

@online{urle1e92b6c,
    url = {https://childrenshealthdefense.org/news/molecular-mimicry-body-confusion-of-self-and-non-self-more-evidence-on-hpv-vaccines-and-autoimmunity/}
}

@online{urlb48e6598,
    url = {https://www.zerohedge.com/geopolitical/bill-gates-slams-fda-questions-whether-fda-can-be-trusted-covid-19-vaccine}
}

@online{url2966c9a5,
    url = {https://en.wikipedia.org/wiki/Death_of_Dan_Markingson}
}

@online{url6e06aa6f,
    url = {https://thehill.com/changing-america/well-being/prevention-cures/515844-mark-zuckerberg-says-facebook-wont-remove-anti}
}

@online{url8b7f9935,
    url = {https://childrenshealthdefense.org/press-release/chd-legal-team-led-by-robert-f-kennedy-jr-sues-facebook-mark-zuckerberg-and-three-of-facebooks-so-called-fact-checkers-for-government-sponsored-censorship-false-dispar/?itm_term=home}
}

@online{url193fc77a,
    url = {https://www.msn.com/en-au/news/world/astrazenecas-trial-illnesses-may-not-be-due-to-covid-19-shot-oxford-university/ar-BB196LwY}
}

@online{url8d5264c7,
    url = {https://raypeatforum.com/community/threads/luc-montagnier-the-french-ray-peat.2912/}
}

@online{url1bebc664,
    url = {https://raypeatforum.com/community/threads/nas-falsified-data-on-radiation-safety-to-justify-widespread-use.5692/}
}

@online{urld751bbd3,
    url = {https://www.cdc.gov/mmwr/preview/mmwrhtml/00018871.htm}
}

@online{url7e11569e,
    url = {https://twitter.com/0ctoberReignz/status/1326649263695204352}
}

@online{url09ce03d4,
    url = {https://www.fda.gov/media/143603/download}
}

@online{url5129e82a,
    url = {https://www.latimes.com/world/la-fg-india-currency-20161115-story.html}
}

@online{url81b31497,
    url = {https://greatdemocracyinitiative.org/wp-content/uploads/2018/06/FedAccountsGDI.pdf}
}

@online{url99170cb8,
    url = {https://www.wsj.com/articles/fed-digital-dollars-are-part-of-debate-over-coronavirus-stimulus-11585085518}
}

@online{urlb5e96eda,
    url = {https://www.wired.co.uk/article/pandemic-cashless-society?utm_source=digg}
}

@online{url595bd945,
    url = {https://www.ukfinance.org.uk/system/files/UK-Payment-Markets-Report-2020-SUMMARY.pdf}
}

@online{urlae506bee,
    url = {https://link-preproduction.azurewebsites.net/media/1656/link-annual-report-19-20-final.pdf}
}

@online{url0f0199f9,
    url = {https://www.link.co.uk/about/news/link-atm-cash-use-rising-again-as-retail-and-hospitality-reopen/}
}

@online{urlba09ff3b,
    url = {https://www.zdnet.com/article/irs-offers-grants-to-contractors-able-to-trace-cryptocurrency-transactions-across-the-blockchain/}
}

@online{url077ead06,
    url = {https://dailyhodl.com/2020/09/11/irs-will-pay-625000-to-anyone-who-can-crack-monero-while-binance-offers-100000000-to-coders-building-on-defi/}
}

@online{url53df43af,
    url = {https://www.bloomberg.com/news/articles/2020-09-23/jpmorgan-is-set-to-pay-1-billion-in-record-spoofing-penalty}
}

@online{urlb71a398c,
    url = {https://en.wikipedia.org/wiki/Silver_Thursday}
}

@online{url222abff1,
    url = {https://www.adamseconomics.com/post/the-undeniable-manipulation-of-the-silver-market}
}

@online{url43235527,
    url = {https://raypeatforum.com/community/threads/nih-very-concerned-about-serious-side-effect-in-coronavirus-vaccine.36419/}
}

@online{urla887dece,
    url = {https://www.cnn.com/2020/10/12/health/johnson-coronavirus-vaccine-pause-bn/index.html}
}

@online{urleae60d1f,
    url = {https://clinicaltrials.gov/ct2/show/NCT04312009}
}

@online{url073b5aa9,
    url = {https://www.nytimes.com/interactive/2020/science/coronavirus-vaccine-tracker.html}
}

@online{url18bde78d,
    url = {https://raypeatforum.com/community/posts/567991/}
}

@online{url305e13ce,
    url = {https://news.yahoo.com/covid-no-safety-concerns-found-184429590.html?guccounter=1&guce_referrer=aHR0cHM6Ly9kdWNrZHVja2dvLmNvbS8&guce_referrer_sig=AQAAAG2ZRloaIEuMaQQDsfWALVtesBhFUEX0nSyfeG73xp0HcKc-eyjAZOK9eTXKb2QAu3rRtrpSs7OYXNrSKe_VmOnZtOELVSgN1IgYb3rfKSKeUso4KYuuHH2JneZu7zCIu-A2a5YnxHLl803WZkXm37UlflvOW8HBHchCaMsaLBtT}
}

@online{url2059b8c7,
    url = {https://ted.europa.eu/udl?uri=TED:NOTICE:506291-2020:TEXT:EN:HTML&src=0}
}

@online{url88c4f622,
    url = {https://medicalxpress.com/tags/regulatory+authorities/}
}

@online{url38f61adc,
    url = {https://medicalxpress.com/tags/trials/}
}

@online{url9c94b5f9,
    url = {https://medicalxpress.com/tags/neurological+symptoms/}
}

@online{urle755db81,
    url = {https://raypeatforum.com/community/threads/another-covid-19-vaccine-trial-halted-due-to-serious-side-effects.36821/}
}

@online{urlbad332a7,
    url = {https://www.cnn.com/2020/10/13/health/eli-lilly-pauses-trial-monoclonal-antibody-coronavirus/index.html}
}

@online{url1f3c0f2b,
    url = {https://www.cnn.com/2020/10/13/health/covid-vaccine-pfizer-kids-bn/index.html}
}

@online{url667a3a25,
    url = {https://www.jnj.com/our-company/johnson-johnson-temporarily-pauses-all-dosing-in-our-janssen-covid-19-vaccine-candidate-clinical-trials}
}

@online{urlcb89edef,
    url = {https://www.educatedinlaw.org/the-matrix-and-the-u-s-constitution/}
}

@online{url6c8a4330,
    url = {https://aim4truth.org/2020/10/13/meow-9/}
}

@online{urle441113a,
    url = {https://journals.plos.org/plosone/article?id=10.1371/journal.pone.0092705}
}

@online{urlb3a81da3,
    url = {https://www.cnn.com/2020/11/09/health/lilly-coronavirus-monoclonal-fda-eua/index.html}
}

@online{url3199708d,
    url = {https://raypeatforum.com/community/threads/thalidomide-aka-contergan-aka-distaval.32955/}
}

@online{url64d3f107,
    url = {https://www.medpagetoday.com/blogs/revolutionandrevelation/72647}
}

@online{urlcb8f0805,
    url = {https://www.sciencemag.org/news/2020/09/trials-begin-new-weapon-against-parkinson-s-light}
}

@online{url2f5a6de0,
    url = {https://raypeatforum.com/community/posts/490645}
}

@online{urla4fda7ad,
    url = {https://theintercept.com/2020/08/28/the-social-fabric-of-the-u-s-is-fraying-severely-if-not-unravelling/}
}

@online{urlba5260ab,
    url = {https://www.cdc.gov/mmwr/volumes/69/wr/mm6932a1.htm}
}

@online{url6f37a24a,
    url = {https://www.nbcnews.com/health/health-news/major-depression-rise-among-everyone-new-data-shows-n873146}
}

@online{url7844b670,
    url = {https://www.apa.org/monitor/2019/01/numbers}
}

@online{urlabb33499,
    url = {https://www.newyorker.com/magazine/2020/03/23/why-americans-are-dying-from-despair}
}

@online{url4cf1961b,
    url = {https://chasingthescream.com/mobile/}
}

@online{urld14631ca,
    url = {https://www.ted.com/talks/johann_hari_this_could_be_why_you_re_depressed_or_anxious?language=en}
}

@online{urlb586ea7c,
    url = {https://www.ted.com/talks/johann_hari_everything_you_think_you_know_about_addiction_is_wrong?language=en}
}

@online{url05f0e02a,
    url = {https://www.cnn.com/2020/09/06/india/india-mental-health-dst-intl-hnk/index.html}
}

@online{url9bac569f,
    url = {https://www.cnn.com/videos/world/2020/08/16/india-coronavirus-covid-mental-health-vedika-sud-pkg.cnn}
}

@online{url9574ed25,
    url = {http://www.thebubblebubble.com/}
}

@online{url051d1cce,
    url = {https://dailyhodl.com/2020/08/15/the-us-post-office-files-a-patent-for-a-blockchain-based-voting-system/}
}

@online{urld4c205ed,
    url = {https://www.ncbi.nlm.nih.gov/pmc/articles/PMC3949980/}
}

@online{url232146e6,
    url = {http://mouseutopia.blogspot.com/}
}

@online{url42ca6cd7,
    url = {http://addictedtodistraction.blogspot.com/}
}

@online{url1c44c086,
    url = {http://thoughtprison-pc.blogspot.com/}
}

@online{url417b513a,
    url = {https://www.medicalnewstoday.com/articles/326956}
}

@online{urldcacc41e,
    url = {https://www.nimh.nih.gov/health/statistics/suicide.shtml}
}

@online{url41c724f8,
    url = {https://www.booksfact.com/religions/pre-jewish-canaanite-religion-vedic-gods-names.html}
}

@online{url5d3597d9,
    url = {https://en.wikipedia.org/wiki/Roth_v._United_States}
}

@online{urla12ba0f4,
    url = {https://raypeatforum.com/community/attachments/19581/}
}

@online{url35caea98,
    url = {https://en.m.wikipedia.org/wiki/Dutch_annexation_of_German_territory_after_the_Second_World_War}
}

@online{urlb6a62e4c,
    url = {https://www.nejm.org/doi/full/10.1056/nejm199005173222006}
}

@online{url62b7da85,
    url = {https://larouchepac.com/20200916/pompeo-again-consorts-trump-coup-plotters-pushes-new-wars}
}

@online{url1bfd015a,
    url = {https://www.unz.com/ejones/the-invisible-man-at-the-race-riots/}
}

@online{url3e7366ea,
    url = {https://www.rt.com/news/503521-netlernalds-legalizes-child-euthanasia/?utm_source=rss&utm_medium=rss&utm_campaign=RSS}
}

@online{url72f43e34,
    url = {https://www.pri.org/stories/2013-01-14/deaf-belgian-twins-euthanized-after-discovering-they-are-going-blind}
}

@online{urlc75d148f,
    url = {https://raypeatforum.com/community/threads/eli-lillys-trial-for-covid-19-antibody-treatment-halted-for-safety-reasons.36832/}
}

@online{url7f634c20,
    url = {https://thehill.com/policy/healthcare/523600-regeneron-halts-trial-of-covid-19-antibody-drug-in-sickest-hospitalized}
}

@online{urlb52cf614,
    url = {https://twitter.com/Kevin_McKernan/status/1322938304199884800?s=20}
}

@online{url88efbace,
    url = {https://www.youtube.com/watch?v=dl_gemn9a9E}
}

@online{urla7c64fb9,
    url = {https://articles.mercola.com/sites/articles/archive/2020/10/27/covid-vaccine-trials.aspx?cid_source=wnl&cid_medium=email&cid_content=art7ReadMore&cid=20201102Z1&mid=DM699781&rid=1001731669}
}

@online{urld0cbe7c1,
    url = {https://www.washingtonpost.com/world/the_americas/coronavirus-oxford-astrazeneca-vaccine-trial-death/2020/10/21/3f5bedac-13c0-11eb-ad6f-36c93e6e94fb_story.html?utm_medium=social&utm_source=twitter&utm_campaign=wp_main}
}

@online{url9d09713b,
    url = {https://www.lewrockwell.com/2020/11/gary-g-kohls/the-flawed-covid-19-vaccine-testing-programs-at-moderna-pfizer-johnson-johnson-and-astrazeneca/}
}

@online{url7c750665,
    url = {https://www.aier.org/article/the-mystery-of-taiwan/?fbclid=IwAR2eBmvFXB-bqFK3ubuT6fasjso530_uh54kGtX77vPU3y7wX6-O0mh0LCI}
}

@online{url036b113f,
    url = {https://t.co/PKC51U4txz}
}

@online{url356b9d45,
    url = {https://twitter.com/YonSolitary/status/1307032537311645696?s=20}
}

@online{urlec6f856e,
    url = {https://t.co/EcWrGBs53c}
}

@online{url6e64ee33,
    url = {https://twitter.com/YonSolitary/status/1296724322732531712?s=20}
}

@online{urlf2797ca9,
    url = {https://en.wikipedia.org/wiki/Leukotriene}
}

@online{urld801ce98,
    url = {https://www.outsourcing-pharma.com/Article/2020/08/17/Study-points-toward-potential-COVID-19-treatment}
}

@online{urle8a6e64e,
    url = {https://www.gastrojournal.org/article/S0016-5085(20)34727-2/fulltext}
}

@online{url578e40e5,
    url = {https://www.medpagetoday.com/reading-room/aga/lower-gi/86940}
}

@online{urldbf5945e,
    url = {http://www.fao.org/faostat/en/}
}

@online{url3da65b7e,
    url = {https://www.frontiersin.org/articles/10.3389/fphys.2021.668330/full}
}

@online{urldb8cda1c,
    url = {https://www.frontiersin.org/articles/10.3389/fnut.2022.960409/full}
}

@online{url9744d0c0,
    url = {https://asbmr.onlinelibrary.wiley.com/doi/abs/10.1002/jbmr.5650051210}
}

@online{urld5ea17c9,
    url = {https://pubmed.ncbi.nlm.nih.gov/31917686/}
}

@online{url7a09253e,
    url = {https://www.pnas.org/content/early/2020/09/10/1915075117}
}

@online{urlcc94ee6f,
    url = {https://www.sciencedaily.com/releases/2020/09/200915194243.htm}
}

@online{url493fcbd9,
    url = {https://www.nature.com/articles/s41586-020-03118-2}
}

@online{url5ae80da6,
    url = {https://www.reuters.com/article/us-health-coronavirus-youtube-idUSKBN26Z1VD}
}

@online{url021132ac,
    url = {https://en.wikipedia.org/wiki/InterPlanetary_File_System}
}

@online{urlf4844e5c,
    url = {https://blackfernando.blogs.sapo.pt/}
}

@online{url40d91464,
    url = {https://newdiscourses.com/2020/06/cult-dynamics-wokeness/}
}

@online{urlb84ef2f8,
    url = {https://privacy.net/make-site-visible-dark-web-tor-hidden-services/}
}

@online{url5b9bfc64,
    url = {https://medium.com/@jasonrigden/how-to-host-a-site-on-the-dark-web-38edf00996bf}
}

@online{urleda06a58,
    url = {https://docs.ipfs.io/how-to/websites-on-ipfs/single-page-website/}
}

@online{url78e0313b,
    url = {https://medium.com/pinata/how-to-easily-host-a-website-on-ipfs-9d842b5d6a01}
}

@online{urld1697f98,
    url = {https://www.reddit.com/r/ipfs/comments/9pb5pf/are_there_any_ipfs_file_hosting_services/}
}

@online{url8cf8033b,
    url = {https://www.bitchute.com/video/YGRRMH0fzcjv/}
}

@online{url1b3c1825,
    url = {https://thenewamerican.com/new-scottish-law-would-criminalize-hate-speech-even-in-private-homes/}
}

@online{url15494434,
    url = {https://blog.twitter.com/en_us/topics/company/2020/covid19-vaccine.html}
}

@online{url1df8968f,
    url = {https://www.youtube.com/watch?v=MBYmhYxEvUM}
}

@online{url8bc7aa7d,
    url = {https://en.wikipedia.org/wiki/Klotho_(biology)}
}

@online{url4c381278,
    url = {https://raypeatforum.com/community/threads/estrogen-lowers-t-dht-and-fertility-inhibits-5a-reductase-5-ar.37126/}
}

@online{url04c04bc7,
    url = {https://doi.org/10.1042/BJ20140739}
}

@online{url6e00b29e,
    url = {https://www.researchgate.net/publication/295233630_Estrogen_is_a_negative_regulator_of_klotho_expression_in_mouse_kidney}
}

@online{url6a6efd8d,
    url = {https://www.researchgate.net/publication/245976549_Estradiol_regulates_renal_klotho_through_estrogen_receptor_alpha}
}

@online{url97530b1d,
    url = {https://pubmed.ncbi.nlm.nih.gov/17708714/}
}

@online{url0a0b8208,
    url = {https://asbmr.onlinelibrary.wiley.com/doi/pdf/10.1002/jbmr.209}
}

@online{url42eee229,
    url = {https://www.sciencedirect.com/science/article/pii/S0085253815524605}
}

@online{urld80867f6,
    url = {https://www.cnn.com/2020/09/23/health/chemicals-in-food-fda-petition-wellness/index.html}
}

@online{urldd05b283,
    url = {https://www.cnn.com/2020/07/21/health/chemical-endocrine-disruptor-doubled-wellness/index.html}
}

@online{urla862259b,
    url = {https://www.sciencedaily.com/releases/2020/11/201102142242.htm}
}

@online{url526abca5,
    url = {https://journals.lww.com/ajg/Fulltext/2013/10001/Suppression_of_Fatty_Acid_Synthase__FASN_.2127.aspx}
}

@online{urleaec2bfe,
    url = {https://en.wikipedia.org/wiki/Cerulenin}
}

@online{url04203475,
    url = {https://authors.library.caltech.edu/105516/1/s41467-020-18376-x.pdf}
}

@online{url9c16690b,
    url = {https://www.caltech.edu/about/news/cancers-hidden-vulnerabilities}
}

@online{urle99aabeb,
    url = {https://www.bmj.com/content/371/bmj.m4037}
}

@online{url0dd44589,
    url = {https://www.cnn.com/2020/10/21/health/covid-vaccine-save-lives/index.html}
}

@online{url75fc8e64,
    url = {https://www.fda.gov/media/139638/download}
}

@online{urle4b72eb8,
    url = {https://www.forbes.com/sites/roberthart/2020/10/20/researchers-warn-some-covid-19-vaccines-could-increase-risk-of-hiv-infection/?utm_campaign=forbes&utm_source=facebook&utm_medium=social&utm_term=Gordie/}
}

@online{urla507c2a5,
    url = {https://www.nytimes.com/2020/08/29/health/coronavirus-testing.html}
}

@online{url2accfe9e,
    url = {https://www.sciencemag.org/news/2020/09/one-number-could-help-reveal-how-infectious-covid-19-patient-should-test-results}
}

@online{url0e016f3b,
    url = {https://academic.oup.com/cid/advance-article/doi/10.1093/cid/ciaa619/5841456}
}

@online{urlb172e952,
    url = {https://techstartups.com/2020/10/17/dr-vladimir-zelenko-leads-white-house-petition-asking-dr-fauci-3-others-charged-brought-justice-crimes-humanity-mass-murder/}
}

@online{url8e2e5e8d,
    url = {https://armswatch.com/the-pentagon-bio-weapons/}
}

@online{urldfa3b7e8,
    url = {https://www.ernestdempsey.com/cdc-study-showed-in-june-the-new-coronavirus-cannot-cause-covid-19/}
}

@online{url9e19f71b,
    url = {https://www.icandecide.org/wp-content/uploads/2020/10/2020.10.29-Part-1-Production-322-pages-Request-54464_highlighted.pdf}
}

@online{url7cb4a91a,
    url = {https://www.dailymail.co.uk/news/article-8929131/Pfizer-BioNTech-say-COVID-19-vaccine-90-effective.html}
}

@online{urlb91ca2db,
    url = {https://www.msn.com/en-gb/news/coronavirus/pfizer-and-biontechs-covid-19-vaccine-found-to-be-90percent-effective/ar-BB1aPK4c?ocid=msedgntp}
}

@online{urlc1e3ffa2,
    url = {https://nypost.com/2020/11/11/pfizer-ceo-sold-5-5m-in-stock-amid-covid-19-vaccine-reveal/}
}

@online{url10784275,
    url = {https://raypeatforum.com/community/threads/another-covid-19-treatment-trial-halted-for-safety-reasons.37102/page-2}
}

@online{urlfda091b1,
    url = {https://blogs.bmj.com/bmj/2021/01/04/peter-doshi-pfizer-and-modernas-95-effective-vaccines-we-need-more-details-and-the-raw-data/}
}

@online{url6e51f056,
    url = {https://www.fda.gov/media/144245/download}
}

@online{url800bc81d,
    url = {http://www.icmra.info/drupal/en/news/22june2020/summary}
}

@online{url95eaedf2,
    url = {https://www.fda.gov/media/144434/download}
}

@online{url6fb316d4,
    url = {https://www.fda.gov/media/144246/download}
}

@online{url522b332e,
    url = {https://doi.org/10.1056/NEJMoa2034577}
}

@online{url2564045c,
    url = {https://raypeatforum.com/community/attachments/23450/}
}

@online{urlfeb31b0b,
    url = {https://raypeatforum.com/community/attachments/23471/}
}

@online{url0f3a3de8,
    url = {https://cdn.pfizer.com/pfizercom/2020-11/C4591001_Clinical_Protocol_Nov2020.pdf}
}

@online{url94306fe0,
    url = {https://raypeatforum.com/community/threads/male-sexual-function-does-not-require-estrogen.35866/}
}

@online{urlcfc489ca,
    url = {https://pubmed.ncbi.nlm.nih.gov/24764121/}
}

@online{urlfcb0835f,
    url = {https://www.nature.com/articles/s41467-018-08046-4}
}

@online{url26c6f9be,
    url = {https://www.nature.com/articles/s41598-020-58125-0}
}

@online{url9e5276dc,
    url = {https://pubmed.ncbi.nlm.nih.gov/30930204/}
}

@online{url8ee168bb,
    url = {https://en.wikipedia.org/wiki/Mifepristone}
}

@online{url9801df7a,
    url = {http://ar.iiarjournals.org/content/39/4/1923.full}
}

@online{urlc2dffb35,
    url = {https://cancerres.aacrjournals.org/content/76/14_Supplement/4876}
}

@online{url692d2a67,
    url = {https://www.inquirer.com/philly/health/can-the-abortion-pill-treat-advanced-lung-cancer-this-infertility-expert-wants-to-find-out-20180703.html}
}

@online{url6a6faf54,
    url = {https://en.wikipedia.org/wiki/Sarcopenia}
}

@online{url51dd6c9d,
    url = {https://jamanetwork.com/journals/jamainternalmedicine/fullarticle/2771095?guestAccessKey=444bbcb2-7e13-4dc6-998f-5de5e27aa19e&utm_source=For_The_Media&utm_medium=referral&utm_campaign=ftm_links&utm_content=tfl&utm_term=092820}
}

@online{url5494b6ec,
    url = {https://www.cnbc.com/2020/09/28/intermittent-fasting-doesnt-help-weight-loss-ucsf-study.html}
}

@online{url833e3790,
    url = {https://www.jillianmichaels.com/blog/food-and-nutrition/intermittent-fasting}
}

@online{url84629868,
    url = {https://www.menshealth.com/uk/nutrition/a749933/mh-trials-hugh-jackmans-16-8-diet/}
}

@online{url7531eaf9,
    url = {https://medium.com/@kevinrose/introducing-zero-a-new-app-to-help-you-fast-209935e8245d}
}

@online{url885fdffd,
    url = {https://trends.google.com/trends/yis/2019/US/?utm_source=social-influencer&amp;amp;utm_medium=social&amp;amp;utm_campaign=yis2019}
}

@online{url1f537da1,
    url = {https://www.functionalps.com/blog/2012/03/20/ray-peat-phd-on-therapeutic-effect-of-niacinamide/}
}

@online{url133d5067,
    url = {http://diabetes.diabetesjournals.org/content/diabetes/early/2012/05/08/db11-1437.full.pdf}
}

@online{url516da550,
    url = {https://timesofindia.indiatimes.com/life-style/health-fitness/health-news/actress-mishti-mukherjee-passes-away-due-to-kidney-failure-reports-cite-keto-diet-to-be-the-reason/articleshow/78474318.cms}
}

@online{urld526b3ec,
    url = {https://raypeatforum.com/community/posts/502552}
}

@online{urldc43edbc,
    url = {https://pubmed.ncbi.nlm.nih.gov/26896648/}
}

@online{urlf54dd383,
    url = {https://www.nmn.com/news/binge-drinking-causes-liver-damage-by-reducing-bodily-levels-of-nad}
}

@online{urldd2f07eb,
    url = {https://www.youtube.com/watch?v=YR5ApYxkU-U}
}

@online{urlaf5bc21c,
    url = {https://www.eurekalert.org/pub_releases/2019-02/uoh-stm020819.php}
}

@online{urlf6625cf1,
    url = {https://www.nature.com/articles/s41562-020-0919-5.epdf}
}

@online{url695f00ef,
    url = {https://www.scientificamerican.com/article/we-learn-faster-when-we-arent-told-what-choices-to-make/}
}

@online{urla55b700e,
    url = {https://en.wikipedia.org/wiki/Letrozole}
}

@online{url20c67917,
    url = {https://en.wikipedia.org/wiki/Drostanolone_propionate}
}

@online{url32b71eb1,
    url = {https://www.ncbi.nlm.nih.gov/pmc/articles/PMC3405850/}
}

@online{urld2d5e4eb,
    url = {https://www.nature.com/articles/onc2012558.pdf?origin=ppub}
}

@online{urlcf3cc75a,
    url = {https://www.nature.com/articles/s41366-020-00680-7}
}

@online{url3039adc0,
    url = {https://twitter.com/Parsifaler/status/1466244957954621440}
}

@online{urlc39c45dc,
    url = {https://raypeatforum.com/community/threads/androgens-boost-estrogen-inhibits-anti-aging-gene-klotho.37127/}
}

@online{urlf987703d,
    url = {https://en.wikipedia.org/wiki/Policosanol}
}

@online{urlae67494c,
    url = {https://raypeatforum.com/community/threads/pufa-exacerbate-saturated-fats-sfa-albumin-calcium-ameliorate-covid-19.37123/}
}

@online{url454c102b,
    url = {https://www.longdom.org/proceedings/metadichol-a-novel-nano-lipid-emulsion-for-the-treatment-of-diabetes-36466.html}
}

@online{url06c146ce,
    url = {https://www.researchgate.net/publication/330078407_MetadicholR_a_Novel_Agonist_of_the_Anti-aging_Klotho_Gene_in_Cancer_Cell_Lines}
}

@online{urlb6b39afb,
    url = {https://assets.researchsquare.com/files/rs-34021/v5/8d0181cc-2a5d-4fef-b030-7bd4c2c9d4bc.pdf}
}

@online{url07df6d07,
    url = {https://en.wikipedia.org/wiki/Docosanol}
}

@online{url2a454a73,
    url = {https://en.wikipedia.org/wiki/Cold_sore}
}

@online{url0bdf2993,
    url = {https://en.wikipedia.org/wiki/Herpes_simplex_virus}
}

@online{url8abe5900,
    url = {https://en.wikipedia.org/wiki/Over-the-counter_drug}
}

@online{urla438a9ca,
    url = {https://jamanetwork.com/journals/jamadermatology/fullarticle/478500}
}

@online{urle9ed62c8,
    url = {https://raypeatforum.com/community/threads/the-policosanols-thread.35360/}
}

@online{url31daaccd,
    url = {https://europepmc.org/article/med/28249244}
}

@online{url7a76a14d,
    url = {https://patents.google.com/patent/CN104450377A/en}
}

@online{url81441cea,
    url = {https://www.pureencapsulations.com/policosanol-20-mg.html}
}

@online{url07337ab2,
    url = {https://nanosoma.net/index.html}
}

@online{url881127de,
    url = {https://www.healio.com/news/cardiology/20201009/the-take-home-esc-congress}
}

@online{url7c7a43b0,
    url = {https://www.pharmamicroresources.com/2019/09/addressing-bacterial-endotoxin.html?m=0}
}

@online{url7251c2c2,
    url = {https://www.ncbi.nlm.nih.gov/pubmed/28332107}
}

@online{url13356f28,
    url = {https://onlinelibrary.wiley.com/doi/abs/10.1111/ina.12610}
}

@online{urlf1123e48,
    url = {https://www.jstage.jst.go.jp/article/bpb/43/9/43_b20-00297/_article/-char/ja/}
}

@online{urlf3b02778,
    url = {https://www.sciencedirect.com/science/article/pii/S016041202031833X}
}

@online{url0a175042,
    url = {http://www.digitaljournal.com/life/health/are-air-purifiers-contributing-to-asthma/article/579461}
}

@online{url589bc78d,
    url = {https://pubs.acs.org/doi/abs/10.1021/acs.est.0c02792}
}

@online{urlb354cd93,
    url = {https://www.pharmamicroresources.com/2020/07/review-of-efficacy-of-hepa-filtered-air.html}
}

@online{urlb9e6e003,
    url = {https://www.researchgate.net/publication/237814033}
}

@online{urldae6e73c,
    url = {https://www.sciencedirect.com/science/article/abs/pii/S1521661609008444?via=ihub}
}

@online{url521b3add,
    url = {https://pubmed.ncbi.nlm.nih.gov/16855151/}
}

@online{url94359c3a,
    url = {https://www.ncbi.nlm.nih.gov/pmc/articles/PMC2896666/}
}

@online{url90cbb318,
    url = {https://www.hindawi.com/journals/bmri/2011/207504/}
}

@online{urleea26b98,
    url = {https://pubmed.ncbi.nlm.nih.gov/22522079/}
}

@online{url49a767ae,
    url = {https://www.ncbi.nlm.nih.gov/pmc/articles/PMC4398574/}
}

@online{urld654c724,
    url = {http://raypeat.com/articles/articles/alzheimers.shtml}
}

@online{url65663939,
    url = {http://raypeat.com/articles/articles/alzheimers2.shtml}
}

@online{url3c6a9fd8,
    url = {https://a16z.com/2020/10/07/aging-alzheimers-drug-discovery/}
}

@online{url66e3386c,
    url = {https://www.bmj.com/content/370/bmj.m3563}
}

@online{url38d9f841,
    url = {https://raypeatforum.com/community/threads/memory-t-cells-covid-19.35739/page-2}
}

@online{url30d55834,
    url = {https://www.nature.com/articles/s41590-020-00807-y}
}

@online{url51ceef4a,
    url = {https://www.bbc.com/news/uk-wales-53764640}
}

@online{urlc17fc741,
    url = {https://raypeatforum.com/community/threads/covid-mutation-in-danish-mink-vaccines.37224/}
}

@online{urlf488aeb4,
    url = {https://science.sciencemag.org/content/early/2020/11/05/science.abe1107}
}

@online{urle00a2b53,
    url = {https://raypeatforum.com/community/posts/550705}
}

@online{url1a5d3e2d,
    url = {https://journals.physiology.org/doi/abs/10.1152/ajpendo.00235.2020}
}

@online{url77b9fed7,
    url = {https://medicalxpress.com/news/2020-10-high-fat-diet-childhood-affect-sperm.html}
}

@online{url08f90568,
    url = {https://medicalxpress.com/tags/fat+levels/}
}

@online{urlf368b9e9,
    url = {https://medicalxpress.com/tags/high-fat+diet/}
}

@online{url37ac1937,
    url = {https://medicalxpress.com/tags/sperm+cells/}
}

@online{url0662d30f,
    url = {https://medicalxpress.com/tags/healthy+diet/}
}

@online{urlacc3ffc2,
    url = {https://www.biorxiv.org/content/10.1101/833269v1.full}
}

@online{urlf51e4ec2,
    url = {https://www.macaubusiness.com/portugal-researchers-discover-group-of-antibiotics-which-can-protect-against-sepsis/}
}

@online{url8ea9648f,
    url = {https://www.researchgate.net/publication/313461107_Doxycycline_as_Potential_Anti-Cancer_Agent}
}

@online{url96e825ce,
    url = {https://raypeatforum.com/community/threads/bag-breathing-re-breathing-and-activation-of-viruses.36724/}
}

@online{url5a09f21f,
    url = {https://www.lewrockwell.com/2020/10/bill-sardi/is-infectious-disease-just-a-shell-game/}
}

@online{url979eab32,
    url = {https://raypeatforum.com/community/threads/pre-existing-covid-19-immunity-in-20-50-of-people-better-than-vaccines.37129/}
}

@online{url96cef4f3,
    url = {https://journals.sagepub.com/doi/10.1177/0300891620974755}
}

@online{urlc285497e,
    url = {https://www.cnn.com/2020/11/10/health/brazil-suspends-china-vaccine-trials-intl-hnk/index.html}
}

@online{urlb3f2aa06,
    url = {https://edition.cnn.com/2020/11/09/health/pfizer-covid-19-vaccine-effective/index.html}
}

@online{url6ac66ce8,
    url = {https://europepmc.org/article/med/25016199}
}

@online{urlf62dab2b,
    url = {https://www.sbmt.org.br/portal/covid-19-pais-pode-virar-grande-laboratorio-de-testes-para-vacina/?lang=en}
}

@online{urlcda1f7df,
    url = {https://www.google.com/url?sa=t&source=web&rct=j&url=https://www.who.int/docs/default-source/coronaviruse/novel-coronavirus-landscape-covid-19cf1952c105464714aaaf8c7cd5c5cc8b.pdf?sfvrsn=d6073093_7&download=true&ved=2ahUKEwiatoG4j_zsAhUrIbkGHSIpBUoQFjABegQIBBAB&usg=AOvVaw2kJsl6XFlE_UjnHMjUUV2G&cshid=1605153776046}
}

@online{url37dcacd2,
    url = {https://en.m.wikipedia.org/wiki/GlaxoSmithKline}
}

@online{urlcfcc21a1,
    url = {https://twitter.com/DBrozeLiveFree/status/1325911302389313541?s=20}
}

@online{url2927b2c7,
    url = {https://abc13.com/temperature-checks-covid-coronavirus-symptoms-screenings/7922615/}
}

@online{url9a03bf72,
    url = {https://www.zerohedge.com/medical/top-pathologist-claims-covid-19-greatest-hoax-ever-perpetrated-unsuspecting-public}
}

@online{url4c080b4c,
    url = {https://www.bitchute.com/video/OD0uZRAtD1Se/}
}

@online{urlf66f90e9,
    url = {https://raypeatforum.com/community/threads/no-excess-deaths-in-sweden-in-2020-compared-to-the-last-10-years.37362/}
}

@online{url9aa41e84,
    url = {https://www.researchgate.net/publication/341832637_All-cause_mortality_during_COVID-19_No_plague_and_a_likely_signature_of_mass_homicide_by_government_response}
}

@online{url8b8f1981,
    url = {https://en.wikipedia.org/wiki/Bohr_effect}
}

@online{urlc86418d6,
    url = {https://www.spandidos-publications.com/ijmm/44/1/3?text=fulltext}
}

@online{urld98d67cc,
    url = {https://www.ncbi.nlm.nih.gov/pmc/articles/PMC4614431/}
}

@online{url935e4616,
    url = {https://www.nature.com/articles/d41586-020-00812-z}
}

@online{url556a13b5,
    url = {https://apnews.com/article/virus-outbreak-health-middle-east-africa-united-nations-619efb65b9eeec5650f011b960a152e9}
}

@online{url44b61806,
    url = {https://www.who.int/csr/don/01-september-2020-polio-sudan/en/}
}

@online{urldde49037,
    url = {https://www.who.int/csr/don/24-september-2019-polio-outbreak-the-philippines/en/}
}

@online{urlcf866d48,
    url = {https://www.who.int/westernpacific/emergencies/polio-outbreak-in-the-philippines}
}

@online{url23298084,
    url = {https://www.economist.com/the-economist-explains/2018/12/19/what-is-vaccine-derived-polio}
}

@online{url71ae015e,
    url = {https://raypeatforum.com/community/threads/disturbing-facts-about-the-failure-of-vaccines.28493/}
}

@online{url0e7982ee,
    url = {https://www.sudouest.fr/2011/02/15/hommage-au-docteur-neveu-318648-1269.php}
}

@online{url3c0eee83,
    url = {https://www.cnn.com/2020/11/12/economy/economy-after-covid-powell/index.html}
}

@online{urlc5540951,
    url = {https://www.cnn.com/business/us-economic-recovery-coronavirus}
}

@online{url54312804,
    url = {https://www.cnn.com/2020/11/05/economy/federal-reserve-meeting-powell/index.html}
}

@online{urlef5b2a9e,
    url = {https://www.ecb.europa.eu/pub/conferences/html/20201111_ecb_forum_on_central_banking.en.html}
}

@online{url9566706a,
    url = {https://www.cnn.com/2020/11/10/success/pay-cuts-relocation-remote-working/index.html}
}

@online{url5ebd14a1,
    url = {https://apollosolaris.files.wordpress.com/2014/05/tomschauf-topsecretbankersmanual2003_ocr_v-1.pdf}
}

@online{urlb59d3e29,
    url = {https://prepareforchange.net/2020/02/19/benjamin-fulford-2-17-20-report-us-corporation-fails-to-meet-payments-date-and-threatens-to-poison-worlds-water-supply/}
}

@online{url435f8b2a,
    url = {https://tradingeconomics.com/commodity/baltic}
}

@online{url18486cb9,
    url = {https://prepareforchange.net/2020/03/18/benjamin-fulford-3-16-20-report-its-getting-biblical-folks-as-pope-vanishes-mecca-shuts-down-for-the-first-time-in-history/}
}

@online{urlcdf805b1,
    url = {https://www.bloomberg.com/opinion/articles/2020-03-27/federal-reserve-s-financial-cure-risks-being-worse-than-disease}
}

@online{urlf81fa53c,
    url = {https://www.bitchute.com/video/iFqbSXY8gNz5/}
}

@online{urled75b7b3,
    url = {https://www.vox.com/recode/2020/11/9/21547055/eric-schmidt-google-citizen-cyprus-european-union}
}

@online{urlf1a1333c,
    url = {https://www.basilicospastavino.com/}
}

@online{urlc4c57357,
    url = {https://wrenchinthegears.com/2020/10/27/who-voted-in-davos-how-data-driven-government-and-the-internet-of-bodies-are-poised-to-transform-smart-sustainable-cities-into-social-impact-prisons/}
}

@online{urlb8a90a4d,
    url = {https://www.centerforhealthsecurity.org/our-work/events-archive/2001_dark-winter/about.html}
}

@online{url8270551b,
    url = {https://kesq.com/news/california/2020/11/02/judge-rules-against-gov-newsom-in-lawsuit-challenging-executive-order/}
}

@online{url1ffa32f6,
    url = {https://www.cnn.com/2020/11/28/asia/japan-suicide-women-covid-dst-intl-hnk/index.html}
}

@online{urlbb1a13f7,
    url = {https://www.cnn.com/specials/world/coronavirus-outbreak-intl-hnk}
}

@online{urlea1081cd,
    url = {https://www.statista.com/statistics/622065/japan-suicide-number/}
}

@online{urlb615df7c,
    url = {https://www.weforum.org/agenda/2020/04/this-is-the-psychological-side-of-the-covid-19-pandemic-that-were-ignoring/}
}

@online{url9c384905,
    url = {https://www.npa.go.jp/safetylife/seianki/jisatsu/R02/202010sokuhouti.pdf}
}

@online{urlb704c5f5,
    url = {https://www.researchgate.net/publication/224878517_Metabolic_regulation_is_important_for_spermatogenesis}
}

@online{urldb26193d,
    url = {https://www.researchgate.net/publication/314966975_Age_Dependent_Variation_in_the_Testicular_Levels_of_Glucose_Transporters_GLUTs_4_and_8_and_Their_Correlation_with_Steroidogenesis_in_Mice}
}

@online{urlf3fa3833,
    url = {https://childrenshealthdefense.org/defender/dc-law-would-give-vaccine-decisions-to-kids-11-or-older-without-parents-knowledge-or-consent/}
}

@online{urlb9d51ad9,
    url = {https://childrenshealthdefense.org/defender/tell-dc-mayor-veto-predatory-law-children-consent-vaccines-without-parents-knowledge/?utm_source=salsa&eType=EmailBlastContent&eId=cdbe7179-e934-4ebb-8a71-cc7e46a5eed4}
}

@online{urla82664ca,
    url = {https://parentalrights.org/dc-council-would-discard-constitution-end-parents-rights/}
}

@online{urld1b33fa7,
    url = {https://www.hrsa.gov/vaccine-compensation/index.html}
}

@online{urlbf441e4a,
    url = {https://www.wikihow.com/Get-Vaccinated-Without-Parental-Consent}
}

@online{urla76a0031,
    url = {https://www.ecfr.gov/cgi-bin/text-idx?SID=1ddbf904572a40984abc94fdc1033f84&mc=true&node=pt34.1.99&rgn=div5}
}

@online{urlc50bf517,
    url = {https://www.congress.gov/bill/99th-congress/house-bill/5546}
}

@online{url314ae4f4,
    url = {http://dcrules.elaws.us/dcmr/5-e5300}
}

@online{url20b0bcfd,
    url = {https://en.wikipedia.org/wiki/National_Childhood_Vaccine_Injury_Act}
}

@online{url448a69ee,
    url = {https://scivisionpub.com/pdfs/covid19-rna-based-vaccines-and-the-risk-of-prion-disease-1503.pdf}
}

@online{url26109035,
    url = {https://www.nzz.ch/schweiz/bald-ist-pfizerbiontech-ab-12-jahren-zugelassen-doch-ob-die-kinder-geimpft-werden-duerfen-impfskeptische-eltern-meistens-nicht-entscheiden-ld.1623825}
}

@online{urlc6f647a1,
    url = {https://globalnews.ca/news/7881765/bc-covid-19-vaccine-youth-consent-infants-act/}
}

@online{urlc1f42342,
    url = {https://www.youtube.com/watch?v=V5U_ktkKsz0}
}

@online{urlea666638,
    url = {https://en.wikipedia.org/wiki/Tyrosine_aminotransferase}
}

@online{urleb4e7a6e,
    url = {https://pubmed.ncbi.nlm.nih.gov/7791/}
}

@online{url8508ae0e,
    url = {https://pubmed.ncbi.nlm.nih.gov/9002/}
}

@online{url2a498774,
    url = {https://pubmed.ncbi.nlm.nih.gov/4152275/}
}

@online{urlbce82b62,
    url = {https://pubmed.ncbi.nlm.nih.gov/15821/}
}

@online{url99f3e1b3,
    url = {https://pubmed.ncbi.nlm.nih.gov/6134779/}
}

@online{url04306884,
    url = {https://www.sciencedirect.com/science/article/abs/pii/0022473188901549}
}

@online{url09d54122,
    url = {https://www.thieme-connect.com/products/ejournals/abstract/10.1055/s-0028-1095791}
}

@online{url8a0ac633,
    url = {https://pubmed.ncbi.nlm.nih.gov/23761645/}
}

@online{urlc7ebe14d,
    url = {https://www.sciencedirect.com/science/article/abs/pii/S0006291X8280106X}
}

@online{urlcd9a810a,
    url = {https://www.businesswire.com/news/home/20120625005900/en/OrgaNext-Research-Addition-of-Vitamin-D-Improves-Safety-Profile-of-Nandrolone}
}

@online{urlb029eb48,
    url = {https://pubmed.ncbi.nlm.nih.gov/33276664/}
}

@online{urlb64d52eb,
    url = {https://pubmed.ncbi.nlm.nih.gov/28004974/}
}

@online{url5650500c,
    url = {https://en.wikipedia.org/wiki/Parkinson's_disease}
}

@online{url50ca3636,
    url = {https://en.wikipedia.org/wiki/Positive_visual_phenomena#Hallucinations}
}

@online{url546785c2,
    url = {https://en.wikipedia.org/wiki/Paranoid}
}

@online{url0f1582f1,
    url = {http://haidut.me/?p=1117}
}

@online{url64cea8bb,
    url = {http://haidut.me/?p=219}
}

@online{url690d46fa,
    url = {https://en.wikipedia.org/wiki/Haloperidol#Pharmacology}
}

@online{urla8571e82,
    url = {https://en.wikipedia.org/wiki/Reserpine#Mechanism_of_action}
}

@online{urldc8cc3c9,
    url = {https://en.wikipedia.org/wiki/Ondansetron}
}

@online{urlfebde0eb,
    url = {https://clinicaltrials.gov/ct2/show/NCT04167813}
}

@online{url7953b92d,
    url = {https://www.verywellhealth.com/anti-nausea-drug-treat-parkinsons-5086023}
}

@online{url51ae80c7,
    url = {https://www.myscience.org/news/wire/cancer_anti_sickness_drug_offers_hope_for_hallucinations_in_parkinson_s-2020-UCL}
}

@online{url1cbb7c46,
    url = {https://www.newscientist.com/article/dn9516-abortion-drug-could-rapidly-treat-depression/}
}

@online{urla6f9cb7d,
    url = {http://haidut.me/?p=1292}
}

@online{urla43e0ae1,
    url = {https://pubmed.ncbi.nlm.nih.gov/31836995/}
}

@online{urlbcea1189,
    url = {https://pubmed.ncbi.nlm.nih.gov/31463580/}
}

@online{urle3b85173,
    url = {https://pubmed.ncbi.nlm.nih.gov/32585162/}
}

@online{url19f6cac5,
    url = {https://www.statista.com/statistics/525353/sweden-number-of-deaths/}
}

@online{urlba11cec0,
    url = {https://i.redd.it/gzv67r948ty51.jpg}
}

@online{url02dce828,
    url = {https://ourworldindata.org/covid-sweden-death-reporting}
}

@online{url4ef756ee,
    url = {https://www.euromomo.eu/graphs-and-maps}
}

@online{urlbaa82f63,
    url = {https://www.cnbc.com/2020/09/23/swedens-high-coronavirus-death-toll-could-be-linked-to-a-mild-flu-season-chief-scientist-says.html}
}

@online{url79897055,
    url = {https://www.nettavisen.no/nyheter/ny-statistikk-har-ikke-vaert-sa-mange-dodsfall-i-sverige-pa-----150-ar/3424007953.html}
}

@online{urlb3723cfa,
    url = {https://www.divi.de/divi-intensivregister-tagesreport-archiv?start=0}
}

@online{urlcffc5c93,
    url = {https://www.intensivregister.de/}
}

@online{urlb05eaff2,
    url = {https://www.divi.de/divi-intensivregister-tagesreport-archiv}
}

@online{url99d10687,
    url = {https://apps.who.int/flumart/Default?ReportNo=7}
}

@online{urlf56d3340,
    url = {https://cbs12.com/news/local/man-who-died-in-motorcycle-crash-counted-as-covid-19-death-in-florida-report}
}

@online{url0967bb42,
    url = {https://www.hawaii.edu/powerkills/20TH.HTM}
}

@online{url02277b6c,
    url = {https://cornucopia.cornubot.se/2020/11/oktober-2020-minst-dodliga-oktober-i.html}
}

@online{url092f78e2,
    url = {https://web.archive.org/web/20201126223119/https://www.jhunewsletter.com/article/2020/11/a-closer-look-at-u-s-deaths-due-to-covid-19}
}

@online{urla9998890,
    url = {https://sicem365.com/forums/7/topics/76659/replies/1920162}
}

@online{url116fc488,
    url = {http://www.jhunewsletter.com}
}

@online{urldc473a5d,
    url = {https://drive.google.com/file/d/1iO0K75EZAF8dkNDkDmM3L4zNNY0X-Xw5/view}
}

@online{url32b569c9,
    url = {https://www.jhunewsletter.com/article/2020/11/a-closer-look-at-u-s-deaths-due-to-covid-19}
}

@online{url56129f82,
    url = {https://drive.google.com/file/d/1iO0K75EZAF8dkNDkDmM3L4zNNY0X-Xw5/view?usp=sharing}
}

@online{urle1ddb3f6,
    url = {https://ourworldindata.org/grapher/excess-mortality-raw-death-count?tab=chart&stackMode=absolute&region=World}
}

@online{urlf8cb6741,
    url = {https://covid.cdc.gov/covid-data-tracker/}
}

@online{urlf71b2b65,
    url = {https://www.cdc.gov/coronavirus/2019-ncov/need-extra-precautions/evidence-table.html}
}

@online{urle81fbdea,
    url = {https://www.macrotrends.net/countries/USA/united-states/death-rate}
}

@online{urle86102da,
    url = {https://raypeatforum.com/community/threads/all-cause-mortality-during-covid-19-is-likely-signature-of-mass-homicide-by-government-response.35470/}
}

@online{url4cf293f3,
    url = {https://www.mdch.state.mi.us/pha/osr/Provisional/MontlyDxCounts.asp}
}

@online{urlfbf99d39,
    url = {https://www.medicalnewstoday.com/articles/1-in-3-excess-deaths-in-the-us-not-directly-caused-by-covid-19}
}

@online{url88644b2b,
    url = {https://jamanetwork.com/journals/jama/fullarticle/2768086}
}

@online{url520b580d,
    url = {https://jamanetwork.com/journals/jama/fullarticle/2771761}
}

@online{url74c2ad50,
    url = {https://www.cdc.gov/mmwr/volumes/69/wr/pdfs/mm6942e2-H.pdf}
}

@online{urlef8e460b,
    url = {https://covid19.healthdata.org/united-states-of-america?view=daily-deaths&tab=trend}
}

@online{url8c1db01b,
    url = {https://raypeatforum.com/community/threads/cnn-covid-19-death-rate-is-under-1-for-everyone-but-people-over-70.36513/}
}

@online{urlcd99b063,
    url = {https://raypeatforum.com/community/threads/covid-19-vaccine-trials-are-essentially-pointless.36952/}
}

@online{urlddea492c,
    url = {https://raypeatforum.com/community/threads/canadian-pm-just-confirmed-the-great-reset-is-not-a-conspiracy.37381/}
}

@online{urlb6374619,
    url = {https://raypeatforum.com/community/threads/the-fed-the-old-economy-as-we-know-it-is-probably-gone.37285/}
}

@online{urlac392312,
    url = {https://raypeatforum.com/community/threads/youtube-will-soon-start-banning-covid-19-contrarian-videos.36855/}
}

@online{url0fa010bb,
    url = {https://raypeatforum.com/community/threads/people-who-refuse-the-covid-19-vaccine-may-be-banned-socially.37335/}
}

@online{url46cc1ce8,
    url = {https://raypeatforum.com/community/threads/dc-law-now-allows-secret-vaccinations-of-children.37460/}
}

@online{url44ebedd8,
    url = {https://en.wikipedia.org/wiki/Surveillance_capitalism}
}

@online{url2dc07d41,
    url = {https://www.cbsnews.com/news/swine-flu-cases-overestimated/}
}

@online{urlc8b591ad,
    url = {https://covid.cdc}
}

@online{url35c0711d,
    url = {https://www.reuters.com/article/us-health-coronavirus-spain-science/coronavirus-traces-found-in-march-2019-sewage-sample-spanish-study-shows-idUSKBN23X2HQ}
}

@online{url10174ee2,
    url = {https://www.cdc.gov/nchs/nvss/vsrr/covid19/excess_deaths.htm}
}

@online{url85dce8d5,
    url = {https://en.wikipedia.org/wiki/COVID-19_pandemic_lockdowns}
}

@online{urlce0cfdd5,
    url = {https://www.scb.se/hitta-statistik/statistik-efter-amne/befolkning/befolkningens-sammansattning/befolkningsstatistik/pong/tabell-och-diagram/manadsstatistik--riket/preliminar-befolkningsstatistik-per-manad-2020/}
}

@online{url6fdc4ee3,
    url = {https://www.socialstyrelsen.se/statistik-och-data/statistik/statistik-om-covid-19/statistik-relaterad-till-covid-19/}
}

@online{urlc3a16091,
    url = {https://www.youtube.com/watch?v=vTaf_XySql0&feature=emb_err_woyt}
}

@online{urlc2f2cc8d,
    url = {https://drive.google.com/file/d/1Tnb1a8TXHj_jJCM2BDfGSriUgdn-2gec/view?usp=sharing}
}

@online{url23c587bf,
    url = {https://raypeatforum.com/community/attachments/21854/}
}

@online{url0f9da19c,
    url = {https://raypeatforum.com/community/attachments/21873/}
}

@online{url9e03f1a0,
    url = {https://www.radio4all.net/index.php/program/106477}
}

@online{url44024a68,
    url = {https://archive.is/4OmWs}
}

@online{url00f3cc97,
    url = {https://raypeatforum.com/community/threads/was-there-excess-deaths-from-covid.38593/post-670087}
}

@online{urlcf46a4c1,
    url = {https://www.heartland.org/publications-resources/publications/covid-19-deaths-a-look-at-us-data-feb-2021-working-paper}
}

@online{url1c2369ee,
    url = {https://www.wionews.com/world/great-reset-conspiracy-theory-takes-twitter-by-storm-after-trudeaus-speech-on-covid-19-343696}
}

@online{url1ecec842,
    url = {https://www.nytimes.com/2020/11/17/world/the-baseless-great-reset-conspiracy-theory-rises-again.html}
}

@online{urlc628594e,
    url = {https://www.google.com/amp/s/www.armstrongeconomics.com/world-news/conspiracy/klaus-schwab-says-you-will-own-nothing-in-10-years/?amp}
}

@online{url4eef4363,
    url = {https://raypeatforum.com/community/threads/controlled-opposition-left-vs-right.35174/}
}

@online{url9d94c6c7,
    url = {https://www.google.com/amp/s/amp.cnn.com/cnn/2020/11/21/americas/toronto-lockdown-covid-intl/index.html}
}

@online{url31ebcba9,
    url = {https://www.cnn.com/2020/11/22/politics/coronavirus-vaccine-analysis/index.html}
}

@online{url2b7a6bc4,
    url = {https://news.gallup.com/poll/325208/americans-willing-covid-vaccine.aspx}
}

@online{urlad82448a,
    url = {https://nassimtaleb.org/2016/09/intellectual-yet-idiot/}
}

@online{urlb25a781f,
    url = {https://mindmatters.ai/2018/09/meaningful-information-vs-artificial-intelligence/}
}

@online{urle4d2b90b,
    url = {https://www.vanityfair.com/news/2018/05/uh-did-google-fake-its-big-ai-demo}
}

@online{urlfdefa6b5,
    url = {https://www.extremetech.com/computing/269497-did-google-fake-its-google-duplex-ai-demo}
}

@online{url69eae39c,
    url = {https://mindmatters.ai/2019/08/why-was-ibm-watson-a-flop-in-medicine/}
}

@online{url4e488a2f,
    url = {https://spectrum.ieee.org/biomedical/diagnostics/how-ibm-watson-overpromised-and-underdelivered-on-ai-health-care}
}

@online{url5b825416,
    url = {https://www.computerworld.com/article/3321138/did-ibm-put-too-much-stock-in-watson-health-too-soon.html}
}

@online{urld7d20bf5,
    url = {https://raypeatforum.com/community/posts/527208/}
}

@online{urlb1ab2a52,
    url = {http://backreaction.blogspot.com/2020/10/particle-physicists-continue-to-make.html}
}

@online{urlf4511d30,
    url = {https://www.munichre.com/topics-online/en/digitalisation/interview-henning-beck.html}
}

@online{urlb7875710,
    url = {https://www.alternet.org/2016/03/irony-oil-abundance-way-too-much-supply-not-enough-demand/}
}

@online{urlaa0e0990,
    url = {https://t.co/2ZYR7CELqx}
}

@online{urlaed72a86,
    url = {https://t.co/SbTZFca36o}
}

@online{urlace9d751,
    url = {https://twitter.com/MintPressNews/status/842129557733924870?s=20}
}

@online{urlb175e189,
    url = {https://twitter.com/DBrozeLiveFree/status/1323266343735562242?s=20}
}

@online{url57a61132,
    url = {https://t.co/0FIfKWcmCB}
}

@online{url5205efdc,
    url = {https://t.co/FWKBu6YSkm}
}

@online{url27ff78f8,
    url = {https://twitter.com/dannyroddy/status/1288098704029700096?s=20}
}

@online{urld28fe424,
    url = {https://corona-ausschuss.de/sitzungen/}
}

@online{urld7728984,
    url = {https://www.youtube.com/watch?v=CLUWDLKAF1M}
}

@online{urlfc6a6fdd,
    url = {https://www.youtube.com/watch?v=EbSXV7rzxtE}
}

@online{url457c6bc2,
    url = {https://news.bitcoin.com/microsoft-cryptocurrency-system/}
}

@online{url068dfa52,
    url = {https://t.co/5kHRdiye5C}
}

@online{url232452c4,
    url = {https://twitter.com/NovaShpakova/status/1333770118741053446?s=20}
}

@online{url2622f52b,
    url = {https://video.twimg.com/ext_tw_video/1308184634287587330/pu/vid/592x368/HcfxKKMJZBP1DGcA.mp4?tag=10}
}

@online{urlbdd47c82,
    url = {https://www.youtube.com/watch?v=awUtUD2fmKI}
}

@online{url563d7c66,
    url = {https://www.achgut.com/artikel/gau_im_illusionsreaktor_4_energie_laesst_sich_nicht_wenden}
}

@online{urlb31d2198,
    url = {https://www.weforum.org/agenda/2020/11/the-great-reset-building-future-resilience-to-global-risks}
}

@online{url544d4760,
    url = {https://pubmed.ncbi.nlm.nih.gov/524755/}
}

@online{urlfc5c1768,
    url = {https://ratical.org/radiation/CNR/RMP/chp2F.html}
}

@online{url0b42c7dd,
    url = {https://ratical.org/radiation/CNR/RMP/referencesF.html}
}

@online{urldd37808c,
    url = {https://twitter.com/disclosetv/status/1405928435151773701}
}

@online{url0d4d87f5,
    url = {https://alethonews.com/2021/06/19/canadian-politician-derek-sloan-uses-parliament-hill-to-give-voices-to-censored-doctors-and-scientists-blowing-the-whistle-on-covid-19-genocide-and-crimes-against-humanity/}
}

@online{url558b3461,
    url = {https://www.canadahealthalliance.org/}
}

@online{urla840efa4,
    url = {https://en.wikipedia.org/wiki/Glycated_hemoglobin}
}

@online{url5d843e37,
    url = {https://www.cell.com/heliyon/fulltext/S2405-8440(20)31967-8}
}

@online{url20a8fc14,
    url = {https://www.eurekalert.org/pub_releases/2020-11/ucl-esc110220.php}
}

@online{url5869ac04,
    url = {https://www.livescience.com/earwax-reveals-stress-anxiety.html}
}

@online{urlc8f72595,
    url = {https://metro.co.uk/2020/11/13/covid-vaccine-refusal-could-result-in-ban-from-going-to-work-13587535/}
}

@online{url10997f33,
    url = {https://www.europeanpharmaceuticalreview.com/news/132322/highly-potent-nanoparticle-covid-19-vaccine-designed-using-computer/}
}

@online{url6ffb2264,
    url = {https://www.researchgate.net/publication/320641479_HCG_Found_in_WHO_Tetanus_Vaccine_in_Kenya_Raises_Concern_in_the_Developing_World}
}

@online{url9a9c05c4,
    url = {https://raypeatforum.com/community/threads/forbes-censoring-an-article-about-who-fake-pandemic.37046/}
}

@online{url8fa00914,
    url = {https://www.reuters.com/article/us-narcolepsy-vaccine-pandemrix/insight-evidence-grows-for-narcolepsy-link-to-gsk-swine-flu-shot-idUSBRE90L07H20130122}
}

@online{urlfba547d7,
    url = {http://content.time.com/time/health/article/0,8599,1932366,00.html}
}

@online{urlca633302,
    url = {https://raypeatforum.com/community/threads/mrna-vaccine-compendium.36138/}
}

@online{url96164a9c,
    url = {https://www.globalresearch.ca/author/michel-chossudovsky}
}

@online{url4656699d,
    url = {https://www.globalresearch.ca/the-second-wave-destroying-peoples-lives-global-coup-detat/5728207}
}

@online{url8e117808,
    url = {https://www.gatesfoundation.org/what-we-do/global-health/vaccine-development-and-surveillance}
}

@online{urlf0e58641,
    url = {https://prospect.org/economy/the-crisis-in-financial-markets-began-before-covid-19/}
}

@online{url1c557790,
    url = {https://wallstreetonparade.com/2020/03/wall-streets-crisis-began-four-months-before-the-first-reported-death-from-coronavirus-in-china-heres-the-proof/}
}

@online{url7f1852b0,
    url = {http://www.securitydocumentworld.com/article-details/i/16487/}
}

@online{urla864b1dc,
    url = {https://www.healthpassportireland.ie/}
}

@online{urlce52279a,
    url = {https://www.theguardian.com/world/2020/oct/17/digital-health-passport-trials-commonpass-travel-covid-19}
}

@online{urlec7f2f4b,
    url = {https://www.weforum.org/projects/commonpass}
}

@online{url8e6622c6,
    url = {https://raypeatforum.com/community/threads/europe-road-map-on-vaccinations-from-2019.35176/}
}

@online{urlc073efa8,
    url = {https://www.gatesnotes.com/podcast}
}

@online{url11f37c0f,
    url = {https://raypeatforum.com/community/threads/the-coronavirus-is-a-scapegoat-bioweapon.33218/}
}

@online{url5accdff1,
    url = {https://raypeatforum.com/community/threads/coronavirus-1-bioweapon-2-scapegoat-for-debt-bubble-popping-3-both.33339/}
}

@online{url65e17cdc,
    url = {https://ellenbrown.com/2020/05/18/another-bank-bailout-under-cover-of-a-virus/}
}

@online{urld9cabfe9,
    url = {https://www.distributednews.com/474687.html}
}

@online{url4391174d,
    url = {https://www.google.com/search?q=programmable+hydraulic+guillotine&rlz=1C1GCEU_en-gbMT921MT921&sxsrf=ALeKk01pwp4qv95IbDT6Cm9p9hfEnd8ayg:1605636659384&source=lnms&tbm=isch&sa=X&ved=2ahUKEwjN2eHVlortAhWQXsAKHdl9CpIQ_AUoAXoECAsQAw&biw=1455&bih=717}
}

@online{url4b0c047f,
    url = {https://buyandsell.gc.ca/procurement-data/search/site}
}

@online{url6c645ea7,
    url = {https://blog.nomorefakenews.com/2020/04/21/covid-the-projection-of-a-mass-illusion/}
}

@online{urlea810933,
    url = {https://ratical.org/many_worlds/cc/altcurrency.html}
}

@online{url3f6bfe53,
    url = {http://www.gmlets.u-net.com/go/cc99/}
}

@online{url88f3fc1f,
    url = {http://www.lightlink.com/hours/ithacahours/home.html}
}

@online{url56d143a6,
    url = {https://www.thelocal.dk/20201113/explained-what-is-denmarks-proposed-epidemic-law-and-why-is-it-being-criticised}
}

@online{url3637d2c2,
    url = {http://vaccines.procon.org/view.resource.php?resourceID=005206}
}

@online{urle2f30e68,
    url = {https://www.nobelprize.org/nobel_prizes/medicine/laureates/1913/richet-lecture.html}
}

@online{urlc99aea66,
    url = {https://www.researchgate.net/publication/285580954_Evidence_that_Food_Proteins_in_Vaccines_Cause_the_Development_of_Food_Allergies_and_Its_Implications_for_Vaccine_Policy}
}

@online{url57647556,
    url = {https://www.researchgate.net/publication/313524429_Autism_Spectrum_Disorders_A_special_case_of_vaccine-induced_cow's_milk_allergy}
}

@online{url5a947ae0,
    url = {https://vidrebel.wordpress.com/2020/11/19/the-vaccines-are-worse-than-dr-mikovits-thought/}
}

@online{urlcbca3b4d,
    url = {https://www.naet.com/about/what-is-naet/}
}

@online{urldb4953d2,
    url = {https://raypeatforum.com/community/threads/vitamin-d-k-combo-increases-penis-size-as-much-as-surgery.34132/}
}

@online{urlc4653d22,
    url = {https://edition.cnn.com/2020/12/02/politics/obama-vaccine/index.html}
}

@online{urla4cd7b20,
    url = {https://www.bostonglobe.com/2020/12/03/nation/former-presidents-obama-bush-clinton-volunteer-get-covid-19-vaccine-publicly-prove-its-safe/}
}

@online{url7f02f61f,
    url = {https://www.npr.org/sections/coronavirus-live-updates/2020/12/03/941950447/obama-bush-clinton-say-theyre-willing-to-get-coronavirus-vaccine-on-camera}
}

@online{urle0479dac,
    url = {https://eu.usatoday.com/story/news/politics/2020/12/03/covid-vaccine-obama-bush-clinton-said-theyll-take-publicly/3806592001/}
}

@online{url1860344d,
    url = {https://www.axios.com/obama-bush-clinton-covid-19-vaccine-b0004271-de25-489e-8967-1b432fcaf9df.html}
}

@online{urlfe0f567f,
    url = {https://raypeatforum.com/community/threads/alaska-health-care-worker-suffers-adverse-reaction-after-covid-19-vaccine.37815/}
}

@online{urleb3acf5e,
    url = {http://paracom.paramountcommunication.com/ct/57159452:sU9uCSKLN:m:1:2339231843:F7E10F856D98B93C4B23335490A2A1E3:r}
}

@online{urlea0a5db0,
    url = {http://paracom.paramountcommunication.com/ct/57159453:sU9uCSKLN:m:1:2339231843:F7E10F856D98B93C4B23335490A2A1E3:r}
}

@online{url701711e3,
    url = {http://paracom.paramountcommunication.com/ct/57159454:sU9uCSKLN:m:1:2339231843:F7E10F856D98B93C4B23335490A2A1E3:r}
}

@online{url33dccd09,
    url = {https://www.youtube.com/watch?v=a38sGT7pVi0}
}

@online{url4666f68e,
    url = {https://www.youtube.com/watch?v=cDYkXUkJ-TI}
}

@online{urlcad58ec5,
    url = {https://pubs.acs.org/doi/abs/10.1021/acs.langmuir.0c00175}
}

@online{url34b727ce,
    url = {https://www.miragenews.com/microfluidics-helps-engineers-watch-viral-infection-in-real-time/}
}

@online{url7b2e6328,
    url = {https://www.mtu.edu/news/stories/2020/october/microfluidics-helps-engineers-watch-viral-infection-in-real-time.html?utm_source=miragenews&utm_medium=miragenews&utm_campaign=news}
}

@online{urla061b98e,
    url = {https://www.mtu.edu/news/stories/2020/august/bouncing-sticking-exploding-viruses-understanding-the-surface-chemistry-of-sarscov2.html}
}

@online{urlc1ef644a,
    url = {https://raypeatforum.com/community/attachments/20900/}
}

@online{url11da368c,
    url = {https://en.wikipedia.org/wiki/Gilead_Sciences}
}

@online{urlddef371f,
    url = {https://en.wikipedia.org/wiki/Hepatitis_C}
}

@online{url0e0ddbea,
    url = {https://en.wikipedia.org/wiki/Respiratory_syncytial_virus}
}

@online{url94f688eb,
    url = {https://en.wikipedia.org/wiki/Ebola_virus_disease}
}

@online{urle56d2285,
    url = {https://en.wikipedia.org/wiki/Marburg_virus}
}

@online{url496292f9,
    url = {https://en.wikipedia.org/wiki/Czech_News_Agency}
}

@online{urlacd977f0,
    url = {https://en.wikipedia.org/wiki/Tomáš_Cihlář}
}

@online{url94bfe732,
    url = {https://en.wikipedia.org/wiki/Centers_for_Disease_Control_and_Prevention}
}

@online{urlca72f85a,
    url = {https://en.wikipedia.org/wiki/Filovirus}
}

@online{url73d5be08,
    url = {https://en.wikipedia.org/wiki/Pneumovirus}
}

@online{url5d7caa04,
    url = {https://en.wikipedia.org/wiki/Coronavirus}
}

@online{url1c5e0a78,
    url = {https://www.ncbi.nlm.nih.gov/books/NBK310688/}
}

@online{url23f2b3c2,
    url = {https://www.uq.edu.au/news/article/2020/12/update-uq-covid-19-vaccine}
}

@online{url26142cb2,
    url = {https://raypeatforum.com/community/attachments/20797/}
}

@online{urldd5db460,
    url = {https://www.nejm.org/doi/full/10.1056/nejmoa2001017}
}

@online{url65021668,
    url = {https://www.pnas.org/content/117/13/7001}
}

@online{url4be2c50f,
    url = {https://www.ncbi.nlm.nih.gov/pmc/articles/PMC7180649/}
}

@online{url0adc612c,
    url = {https://www.pnas.org/content/early/2020/05/05/2003138117}
}

@online{url2db5c1e0,
    url = {https://www.brighteon.com/e1884e1d-06b6-4e67-8859-86d2099b7807}
}

@online{url448f2953,
    url = {https://www.frontiersin.org/articles/10.3389/fimmu.2020.592370/full}
}

@online{url33972610,
    url = {https://arstechnica.com/science/2020/04/cdcs-failed-coronavirus-tests-were-tainted-with-coronavirus-feds-confirm/}
}

@online{url293556d5,
    url = {https://twitter.com/BidoliNicola/status/1456963218912468999?t=WqWWGxvsy4ofeneTi5s7YA&s=19}
}

@online{url76f23c20,
    url = {https://www.naturalnews.com/files/viruses-13-02056-v2.pdf}
}

@online{urle9eb2e32,
    url = {https://twitter.com/TheChiefNerd/status/1457778299736784898}
}

@online{url91a77820,
    url = {https://www.youtube.com/watch?v=-SYL-iU0E9Q}
}

@online{url4d2f2881,
    url = {https://twitter.com/disclosetv/status/1487545540611031044}
}

@online{urlca977658,
    url = {https://www.bitchute.com/video/sOI1979RKSim/}
}

@online{url999e0b27,
    url = {https://ambassadorlove.wordpress.com/2021/11/01/transgenic-hydras-parasites-a-biological-weapons-system-for-rapid-human-cloning/}
}

@online{url2e5cd7e1,
    url = {https://pubmed.ncbi.nlm.nih.gov/30264534/}
}

@online{url4530b145,
    url = {https://www.researchgate.net/publication/293657176_Graphene_based_electroactive_scaffolds_for_neural_tissue_engineering}
}

@online{url43681de8,
    url = {https://twitter.com/source_222/status/1562696925647761409?t=iaEjirQhwqrspUiNq-LZ2w&s=19}
}

@online{url7595c1d2,
    url = {https://twitter.com/i/status/1625876333170421762}
}

@online{url4aaf6cb5,
    url = {https://bmcmedicine.biomedcentral.com/articles/10.1186/s12916-020-01815-3}
}

@online{url89b6b122,
    url = {https://www.mirror.co.uk/news/uk-news/vegans-43-more-likely-suffer-23052064}
}

@online{url6f2192e2,
    url = {https://www.technologynetworks.com/tn/news/vegans-vegetarians-and-pescatarians-may-have-an-increased-risk-of-bone-fractures-343154}
}

@online{url7ee5c5e6,
    url = {https://onlinelibrary.wiley.com/doi/abs/10.1002/ptr.6781}
}

@online{urlad6d5e12,
    url = {https://pubmed.ncbi.nlm.nih.gov/18239068/}
}

@online{url7ee6af11,
    url = {https://mbio.asm.org/content/9/6/e02272-18}
}

@online{url8baa1b6a,
    url = {https://www.sciencedirect.com/science/article/pii/S1043661820315632?via=ihub}
}

@online{url7d153276,
    url = {https://academic.oup.com/jn/article/131/2/235/4686993}
}

@online{url07a3a1a2,
    url = {https://doi.org/10.3389/fimmu.2020.570919}
}

@online{url8ba9404d,
    url = {https://doi.org/10.1111/dom.13868}
}

@online{url48f417ca,
    url = {https://www.cell.com/trends/endocrinology-metabolism/fulltext/S1043-2760(20)30222-8}
}

@online{urlba902599,
    url = {https://www.eurekalert.org/pub_releases/2020-11/uoia-ssp112420.php}
}

@online{url61768b0e,
    url = {https://en.wikipedia.org/wiki/Serotonin_transporter}
}

@online{urla3525c3c,
    url = {https://en.wikipedia.org/wiki/Tricyclic_antidepressant}
}

@online{urlb66f2442,
    url = {https://www.sciencedirect.com/science/article/pii/S1053811920304614?via=ihub}
}

@online{url19e49c17,
    url = {https://www.studyfinds.org/fear-turns-into-anxiety/}
}

@online{url848c2b84,
    url = {https://www.studyfinds.org/dementia-personality-anxious-moody-people/}
}

@online{urlae70eb55,
    url = {https://www.eurekalert.org/pub_releases/2020-07/uonm-hft070920.php}
}

@online{urla2b0c40b,
    url = {https://www.studyfinds.org/brain-size-structure-anxiety-negativity/}
}

@online{url10b0b19d,
    url = {https://en.wikipedia.org/wiki/Naked_mole-rat}
}

@online{urlf70bc43d,
    url = {https://www.biorxiv.org/content/10.1101/2020.02.22.961011v2.full}
}

@online{url7f0d682b,
    url = {https://stm.sciencemag.org/content/12/572/eaaz2841}
}

@online{urle6ad19b8,
    url = {https://www.news-medical.net/news/20201203/Researchers-uncover-potential-glycine-based-treatment-for-NAFLD.aspx}
}

@online{url46b44980,
    url = {https://jamanetwork.com/journals/jama/fullarticle/199121}
}

@online{urlf0696ef6,
    url = {https://clincancerres.aacrjournals.org/content/13/7/2236}
}

@online{url1adc591c,
    url = {https://pubmed.ncbi.nlm.nih.gov/17625669/}
}

@online{urlb961e97c,
    url = {https://pubmed.ncbi.nlm.nih.gov/23898370/}
}

@online{url1d1aa75a,
    url = {https://advances.sciencemag.org/content/6/48/eabc7246}
}

@online{urle0187774,
    url = {https://www.sciencedaily.com/releases/2020/11/201127180755.htm}
}

@online{url7579b1a9,
    url = {https://en.wikipedia.org/wiki/PPARGC1A}
}

@online{url425bf058,
    url = {https://raypeatforum.com/community/threads/vitamin-d-is-anti-catabolic-anabolic-protects-liver-from-cortisol-injury.37907/}
}

@online{url6dd29945,
    url = {https://www.ncbi.nlm.nih.gov/pmc/articles/PMC2753526/}
}

@online{url9d5693eb,
    url = {https://www.sciencedirect.com/science/article/pii/S0167488912002947}
}

@online{url563722e7,
    url = {https://diabetes.diabetesjournals.org/content/68/5/918}
}

@online{url981dfde0,
    url = {https://www.tandfonline.com/doi/full/10.1080/13102818.2016.1172510}
}

@online{urle9252084,
    url = {https://pubmed.ncbi.nlm.nih.gov/33184465/}
}

@online{url4c2a60fd,
    url = {https://www.nature.com/articles/s41418-020-00664-0}
}

@online{url8dbe3214,
    url = {https://www.nature.com/articles/nature19788}
}

@online{url40e6bd68,
    url = {https://stm.sciencemag.org/content/12/572/eabb5817}
}

@online{url79c66621,
    url = {https://stm.sciencemag.org/lookup/doi/10.1126/scitranslmed.abb5817}
}

@online{url9c870e67,
    url = {https://raypeatforum.com/community/threads/glaucoma-likely-a-metabolic-disease-treatable-by-pyruvate-and-or-niacinamide.37927/}
}

@online{url39b624b4,
    url = {https://www.cell.com/cell-metabolism/fulltext/S1550-4131(20)30658-6}
}

@online{urlf75841db,
    url = {https://pubmed.ncbi.nlm.nih.gov/4270621/}
}

@online{url7b5cd0db,
    url = {https://raypeatforum.com/community/posts/479803}
}

@online{urlf79d4112,
    url = {https://pubmed.ncbi.nlm.nih.gov/9253308/}
}

@online{url2e0c222f,
    url = {https://raypeatforum.com/community/threads/ear-wax-testing-as-a-reliable-method-for-measuring-long-term-steroid-levels.37911/}
}

@online{url5f6822a6,
    url = {https://pubmed.ncbi.nlm.nih.gov/33245519/}
}

@online{url4ba8a9fe,
    url = {https://pubmed.ncbi.nlm.nih.gov/9207127/}
}

@online{url38cf8dd0,
    url = {https://pubmed.ncbi.nlm.nih.gov/11358277/}
}

@online{url739b3e31,
    url = {https://aaep.org/sites/default/files/issues/AppliedArthur.pdf}
}

@online{url7d34f887,
    url = {https://pubmed.ncbi.nlm.nih.gov/29797687/}
}

@online{url4c6a281b,
    url = {https://nootropicsdepot.com/pregnenolone-quick-dissolve-tablets/}
}

@online{url7fb6d3ca,
    url = {https://prevent-alzheimers-autism-stroke.blogspot.com/2017/09/?m=1}
}

@online{urlbda7c609,
    url = {https://pubmed.ncbi.nlm.nih.gov/33228716/}
}

@online{urlecde171c,
    url = {https://onlinelibrary.wiley.com/doi/10.1111/ceo.13818}
}

@online{url835e1a06,
    url = {https://www.ncbi.nlm.nih.gov/pubmed/22348679}
}

@online{url895a0890,
    url = {https://clinicaltrials.gov/ct2/show/NCT03797469}
}

@online{url3e926865,
    url = {https://www.pnas.org/content/early/2020/12/11/2014213117}
}

@online{url25e7bb43,
    url = {https://www.pnas.org/lookup/suppl/doi:10.1073/pnas.2014213117/-/DCSupplemental}
}

@online{url2ff45edd,
    url = {https://www.eurekalert.org/pub_releases/2020-12/ki-hon121520.php}
}