@online{urlbef352b3,
    url = {https://fragdenstaat.de/blog/2020/04/01/strategiepapier-des-innenministeriums-corona-szenarien/}
}

@online{url92d0c736,
    url = {http://www.nature.com}
}

@online{url982hebja,
    url = {https://en.wikipedia.org/wiki/Allopregnanolone}
}

@online{url2309o8ih,
    url = {https://www.zerohedge.com/markets/italian-institute-health-drastically-reduces-its-official-covid-death-toll-number}
}

@online{url19bf459c,
    url = {https://www.law.cornell.edu/uscode/text/18/242}
}

@online{url98123b9d,
    url = {https://www.cnn.com/2021/02/02/tech/amazon-earnings-bezos/index.html}
}

@online{url9sadh2os,
    url = {https://www.rt.com/news/513139-israel-pfizer-vaccine-coronavirus/}
}

@online{urlas9duas,
    url = {https://www.rt.com/usa/530961-more-capitol-riot-officer-suicides/}
}

@online{url98hdask,
    url = {https://www.docwirenews.com/abstracts/journal-abstracts/low-testosterone-levels-and-high-estradiol-to-testosterone-ratio-are-associated-with-hyperinflammatory-state-and-mortality-in-hospitalized-men-with-covid-19/}
}

@online{urlasd0u2js,
    url = {https://www.skepdoc.info/ian-harris-on-surgery-the-ultimate-placebo/}
}

@online{urlasd8h28s,
    url = {https://www.zerohedge.com/political/usps-running-covert-operations-program-spy-americans-social-media-posts-share-other}
}

@online{urlad890y32,
    url = {https://www.ncbi.nlm.nih.gov/pmc/articles/PMC6989660/}
}

@online{urlasd8y32s,
    url = {https://www.reddit.com/r/Superstonk/comments/mvk5dv/a_house_of_cards_part_1/}
}

@online{urlsad09u2s,
    url = {https://timesofindia.indiatimes.com/city/vadodara/methylene-blue-seen-in-covid-homes-/articleshow/82246398.cms}
}

@online{urldsa09yu2,
    url = {https://www.rt.com/usa/520854-covid19-microchip-pentagon/}
}

@online{urlasd908yh,
    url = {https://www.rt.com/usa/514311-cuomo-covid19-new-york/}
}

@online{urls9da02hj,
    url = {As you can see, the global decline in “Covid deaths” starts in mid-to-late January. W}
}

@online{url9sdayh22,
    url = {https://www.jpost.com/health-science/coronavirus-oregon-mulls-permanent-face-mask-social-distancing-rules-665464}
}

@online{url129837g3,
    url = {https://celiafarber.substack.com/p/court-ordered-pfizer-documents-they?token=eyJ1c2VyX2lkIjoyNDU1OTM5LCJwb3N0X2lkIjo0NTAyNjU2MywiXyI6IjBYMVc5IiwiaWF0IjoxNjM4NzQ3NTc4LCJleHAiOjE2Mzg3NTExNzgsImlzcyI6InB1Yi0yNTc3NDIiLCJzdWIiOiJwb3N0LXJlYWN0aW9uIn0.XW7zXjrr3ghmva-GhyPZ-QIaKOPQCePyljjSvYG_jT8}
}

@online{url21398b23,
    url = {https://web.archive.org/web/20210120083427/https://www.who.int/news/item/14-12-2020-who-information-notice-for-ivd-users}
}

@online{url08921h3w,
    url = {https://www.zerohedge.com/covid-19/why-new-covid-cases-are-crashing}
}

@online{url91283ghn,
    url = {https://metro.co.uk/2021/11/22/delta-variant-could-mutate-its-way-out-of-existence-say-scientists-15645161/}
}

@online{urlas0du2bd,
    url = {https://www150.statcan.gc.ca/n1/daily-quotidien/210712/dq210712b-eng.htm}
}

@online{url290hsdbas,
    url = {https://www.medicalnewstoday.com/articles/1-in-3-excess-deaths-in-the-us-not-directly-caused-by-covid-19}
}

@online{url1290yu3j2,
    url = {https://theswaddle.com/iron-supplements-not-enough-to-address-anemia-if-diet-remains-poor-study-shows/}
}

@online{urlas0dc8yhs,
    url = {https://gizmodo.com/whopping-94-of-adults-in-england-have-covid-19-antibod-1847515379}
}

@online{urlasd098y2m,
    url = {https://www.zerohedge.com/covid-19/mit-study-suggests-six-foot-social-distancing-limited-occupancy-rules-are-completely}
}

@online{urlasd890yad,
    url = {https://pubmed.ncbi.nlm.nih.gov/34661247/}
}

@online{url9213ybkfd,
    url = {https://www.welt.de/politik/deutschland/plus233426581/Corona-bei-80-Prozent-der-offizialen-Covid-Toten-wohl-nicht-Todesursache.html?icid=search.product.onsitesearch}
}

@online{urlasd90u2s,
    url = {https://www.japantimes.co.jp/news/2021/11/18/national/delta-variant-self-destruction-theory/}
}

@online{url981203hs,
    url = {https://en.wikipedia.org/wiki/Sharyl_Attkisson#Computer_hacking_allegations}
}

@online{url80912h3n,
    url = {https://pubmed.ncbi.nlm.nih.gov/12655060/}
}

@online{urlasd90u2m,
    url = {https://www.theguardian.com/world/2021/nov/19/austria-plans-compulsory-covid-vaccination-for-all}
}

@online{urlad90yudf2,
    url = {https://celiafarber.substack.com/p/court-ordered-pfizer-documents-they}
}

@online{urlas9du2nd,
    url = {https://www.sciencemag.org/news/2021/08/having-sars-cov-2-once-confers-much-greater-immunity-vaccine-no-infection-parties}
}

@online{url7e21fa90,
    url = {https://nypost.com/2020/09/24/pols-seek-accounting-of-covid-19-nursing-home-deaths-under-cuomo/}
}

@online{url01i2lasd,
    url = {https://pubmed.ncbi.nlm.nih.gov/17883257/}
}

@online{urlasd9y82h,
    url = {http://www.columbia.edu/cu/record/archives/vol28/vol28_iss16/Pg8-2816.pdf}
}

@online{url651dba63,
    url = {https://raypeatforum.com/community/attachments/bezos-and-jill-biden-fascism-jpg.21519/}
}

@online{url098yu23d,
    url = {https://www.genengnews.com/news/sepsis-biomarker-prospect-found-in-sugar-binding-protein/}
}

@online{url9asdu32j,
    url = {https://www.marketwatch.com/story/denmark-becomes-first-country-to-permanently-stop-use-of-astrazeneca-vaccine-11618407629}
}

@online{url8213hhds,
    url = {https://www.nature.com/articles/d41586-021-00251-4}
}

@online{urlas09dfyu,
    url = {https://news.yahoo.com/cuomo-says-york-must-reopen-223303731.html}
}

@online{urlasdf098y,
    url = {https://www.politico.com/news/2021/10/18/general-colin-powell-advance-obit-036445}
}

@online{urlc980y1q3,
    url = {https://www.rt.com/usa/520945-project-veritas-cnn-video/}
}

@online{url8s9aty12,
    url = {https://www.cnn.com/2021/03/07/us/why-leave-home-covid-trnd/index.html}
}

@online{urlas9u4123,
    url = {https://www.imdb.com/title/tt0111161/characters/nm0706554}
}

@online{url218903ha,
    url = {https://www.cnbc.com/2018/02/22/medical-errors-third-leading-cause-of-death-in-america.html}
}

@online{url91823hbw,
    url = {https://hub.jhu.edu/2016/05/03/medical-errors-third-leading-cause-of-death/}
}

@online{urlfads08ya,
    url = {https://www.rt.com/usa/521055-cnn-covid-fearmongering-veritas/}
}

@online{urlasd98yw,
    url = {https://www.cnn.com/2021/01/30/politics/stephen-lynch-tests-positive-covid/index.html}
}

@online{url90ycv2k1,
    url = {https://www.rt.com/usa/543648-cdc-wrong-vaccination-numbers/}
}

@online{urls0av8bns,
    url = {https://raypeatforum.com/community/threads/the-unvaccinated-will-be-blamed.40425/}
}

@online{url10239uydn,
    url = {https://www.cnn.com/2021/03/31/health/covid-19-deaths-2020-cdc-report-wellness/index.html}
}

@online{urlrfq3ehgit,
    url = {https://www.zerohedge.com/covid-19/caught-red-handed-cdc-changes-test-thresholds-virtually-eliminate-new-covid-cases-among}
}

@online{urlxcvz89h3,
    url = {https://sentinelksmo.org/cdc-maximum-28-ct-for-post-vaccine-covid-pcr-tests/}
}

@online{url0123hone,
    url = {https://pubmed.ncbi.nlm.nih.gov/28186008/}
}

@online{urlpmo3e2kl,
    url = {https://www.sciencedirect.com/science/article/abs/pii/030439409511469D}
}

@online{url912nksaa,
    url = {https://pubmed.ncbi.nlm.nih.gov/15610033/}
}

@online{urlb5dd8258,
    url = {https://raypeatforum.com/community/attachments/21512/}
}

@online{url0218ikja,
    url = {https://onlinelibrary.wiley.com/doi/full/10.1111/j.1471-4159.2010.06725.x}
}

@online{url09u2nkad,
    url = {https://pubmed.ncbi.nlm.nih.gov/32285253/}
}

@online{url912nks90,
    url = {https://pubmed.ncbi.nlm.nih.gov/21651332/}
}

@online{url912nkld1,
    url = {https://doi.org/10.1186/s13578-019-0291-1}
}

@online{url1290nkas,
    url = {https://raypeatforum.com/community/threads/10-methoxy-harmalan-an-anti-serotonin-chemical.38190/}
}

@online{urlab532d84,
    url = {https://raypeatforum.com/community/attachments/21519/}
}

@online{url20b0bcfd,
    url = {https://en.wikipedia.org/wiki/National_Childhood_Vaccine_Injury_Act}
}

@online{urlae438fc1,
    url = {https://educate-yourself.org/cn/sergemonast1994transcript.shtml}
}

@online{url5f87d846,
    url = {https://raypeatforum.com/community/attachments/21596/}
}

@online{urlcfcb5595,
    url = {https://raypeatforum.com/community/threads/reverse-transcription-of-sars-cov-2-and-vaccine-rna-into-the-human-genome.38519/post-601626}
}

@online{urle99aabeb,
    url = {https://www.bmj.com/content/371/bmj.m4037}
}

@online{url18d517d7,
    url = {https://www.haaretz.com/israel-news/thousands-of-israelis-tested-positive-for-coronavirus-after-first-vaccine-shot-1.9462478}
}

@online{url6b7c9889,
    url = {https://www.haaretz.com/israel-news/.premium.HIGHLIGHT-israelis-getting-their-second-vaccine-shot-experience-more-side-effects-here-s-why-1.9448097}
}

@online{url9834d9de,
    url = {https://www.msn.com/en-us/news/world/world-e2-80-99s-most-vaccinated-nation-struggles-with-new-virus-variants/ar-BB1dcbHR}
}

@online{url0ecaf381,
    url = {https://www.rt.com/news/510219-israel-netanyahu-coronavirus-vaccine/}
}

@online{urlf81fc4eb,
    url = {https://www.bbc.co.uk/sounds/play/m000rt79}
}

@online{url2388d1bd,
    url = {https://raypeatforum.com/community/threads/lifi-the-realistic-solution-to-5g.37739/}
}

@online{urla0011cad,
    url = {https://www.msn.com/en-us/news/us/chicago-mayor-calls-to-reopen-restaurants-to-mitigate-risk-of-underground-parties/ar-BB1cL4bL}
}

@online{url87b78058,
    url = {https://www.youtube.com/watch?v=Ud4whtZnfgc}
}

@online{url09cc8148,
    url = {https://dc.ng.mil/About-Us/}
}

@online{urldaa87162,
    url = {https://pubmed.ncbi.nlm.nih.gov/11963830/}
}

@online{url566eaa31,
    url = {https://raypeatforum.com/community/attachments/22009/}
}

@online{url86f2b7a8,
    url = {https://www.rev.com/transcript-editor/shared/aMaaVZNVcgVW_gh_SkMYo8vtlOmTJKroE4iCuLXkJu5lf_PHHrgivNyOmQiNxY2K2sEyn9HuJrfh0_D9cuRNGs2oH1Y?loadFrom=PastedDeeplink&ts=5893.16}
}

@online{url1a4b4b0c,
    url = {https://www.niehs.nih.gov/news/newsroom/releases/2002/december11/index.cfm}
}

@online{url34243bc4,
    url = {http://www.columbia.edu/cu/record/archives/vol28/vol28_iss16/Pg8-2816.pdf}
}

@online{url09b93806,
    url = {https://www.nature.com/articles/s42255-020-00301-7}
}

@online{url7d1dd6cf,
    url = {https://www.studyfinds.org/blood-vessels-trigger-inflammation-obese-mice/}
}

@online{url2bc48276,
    url = {https://pubmed.ncbi.nlm.nih.gov/17989318/}
}

@online{url10ff035f,
    url = {https://www.nature.com/articles/s41419-019-1724-9}
}

@online{url58a97c2e,
    url = {https://pubmed.ncbi.nlm.nih.gov/32098767/}
}

@online{url12ddfd6b,
    url = {https://www.ncbi.nlm.nih.gov/pmc/articles/PMC7299827/}
}

@online{url5ce32612,
    url = {https://www.heart-health-guide.com/Aromatase-inhibitors.html}
}

@online{url36fd7140,
    url = {https://www.karger.com/Article/FullText/321683}
}

@online{urld4f15f7f,
    url = {https://raypeatforum.com/community/threads/pufa-and-serotonin-promote-each-other-and-likely-cause-mental-illness.31381/}
}

@online{urlfc6bc14d,
    url = {https://raypeatforum.com/community/threads/caffeine-is-a-serotonin-receptor-antagonist.11648/}
}

@online{urleb73f3b4,
    url = {https://raypeatforum.com/community/threads/aspirin-safe-and-effective-for-prevention-and-treatment-of-migraine.32013/}
}

@online{url77c85c02,
    url = {https://raypeatforum.com/community/threads/niacinamide-is-both-a-serotonin-and-tryptophan-antagonist.3721/}
}

@online{url9d363e29,
    url = {https://raypeatforum.com/community/threads/vitamin-d-is-dopaminergic-and-decreases-obesity-and-addiction-behaviors.11242/}
}

@online{url9505c114,
    url = {https://www.imdb.com/name/nm0000151/?ref_=tt_ch}
}

@online{urlb265b6f2,
    url = {https://www.imdb.com/name/nm0006669/?ref_=tt_ch}
}

@online{urlf048578b,
    url = {https://www.imdb.com/name/nm0706554/?ref_=tt_ch}
}

@online{urlbcf12af5,
    url = {https://www.cnn.com/2021/01/04/health/mental-health-during-covid-19-2021-stress-wellness/index.html}
}

@online{urlf1c27d1d,
    url = {https://www.cnn.com/interactive/2020/health/coronavirus-how-to-help/}
}

@online{url365ecdb4,
    url = {https://www.cnn.com/interactive/2020/health/coronavirus-us-maps-and-cases/}
}

@online{url09ab592e,
    url = {https://www.cnn.com/2021/02/19/health/post-covid-syndrome-long-haulers-gupta-wellness/index.html}
}

@online{url8c7d28c9,
    url = {https://unlimitedhangout.com/2021/02/investigative-reports/schwab-family-values/}
}

@online{urlfc66ee4e,
    url = {https://www.festo.com/us/en/}
}

@online{url40d0497a,
    url = {https://www.hangovergang.com/store/outfit-from-fake-fans}
}

@online{urldfb3db37,
    url = {https://www.youtube.com/watch?v=Z31OXZRQQTY}
}

@online{urlb5eba4d0,
    url = {https://youtu.be/gQ0QFNR0WmE}
}

@online{url74cefbfa,
    url = {https://en.wikipedia.org/wiki/Liberalism}
}

@online{urlc4486b18,
    url = {https://en.wikipedia.org/wiki/Political_philosophy}
}

@online{url1558e2a1,
    url = {https://en.wikipedia.org/wiki/Moral_philosophy}
}

@online{url55adf67d,
    url = {https://en.wikipedia.org/wiki/Liberty}
}

@online{url95bae897,
    url = {https://en.wikipedia.org/wiki/Consent_of_the_governed}
}

@online{url836d246c,
    url = {https://en.wikipedia.org/wiki/Equality_before_the_law}
}

@online{url85c447a9,
    url = {https://en.wikipedia.org/wiki/Free_market}
}

@online{url8c412900,
    url = {https://en.wikipedia.org/wiki/Free_trade}
}

@online{urlcddd5535,
    url = {https://en.wikipedia.org/wiki/Limited_government}
}

@online{url5589b364,
    url = {https://en.wikipedia.org/wiki/Individual_rights_in_the_United_States}
}

@online{url4e741b87,
    url = {https://en.wikipedia.org/wiki/Civil_rights}
}

@online{url94dc88b7,
    url = {https://en.wikipedia.org/wiki/Human_rights}
}

@online{url16ca602b,
    url = {https://en.wikipedia.org/wiki/Capitalism}
}

@online{url617a7e91,
    url = {https://en.wikipedia.org/wiki/Democracy}
}

@online{urlae0f9169,
    url = {https://en.wikipedia.org/wiki/Secularism}
}

@online{url8a76ea18,
    url = {https://en.wikipedia.org/wiki/Gender_equality}
}

@online{url99e8ab1c,
    url = {https://en.wikipedia.org/wiki/Racial_equality}
}

@online{urle44eef9b,
    url = {https://en.wikipedia.org/wiki/Internationalism_(politics)}
}

@online{urlcfd4d314,
    url = {https://en.wikipedia.org/wiki/Freedom_of_speech}
}

@online{url4ce96d36,
    url = {https://en.wikipedia.org/wiki/Freedom_of_the_press}
}

@online{url0b9b8956,
    url = {https://en.wikipedia.org/wiki/Freedom_of_religion}
}

@online{url14279288,
    url = {https://en.wikipedia.org/wiki/Ben_Shapiro}
}

@online{url73e7bacd,
    url = {https://en.wikipedia.org/wiki/Conservatism}
}

@online{url81600054,
    url = {https://www.hangovergang.com/store/tracksuits-from-i-hate-hip-hop}
}

@online{url2d36843a,
    url = {https://en.wikipedia.org/wiki/Flynn_effect#Possible_end_of_progression}
}

@online{urlf92cf11a,
    url = {https://en.wikipedia.org/wiki/Affirmative_action}
}

@online{url948c53b4,
    url = {https://en.wikipedia.org/wiki/Slavery_in_contemporary_Africa}
}

@online{url1190b459,
    url = {https://www.economist.com/baobab/2013/11/13/the-picture-in-africa}
}

@online{url214457f1,
    url = {https://edition.cnn.com/2020/06/12/africa/nigeria-state-of-emergency-rape/index.html}
}

@online{url61062936,
    url = {https://nomorefakenews.com/blog/2012/02/17/the-starfield-revelations-revisited/}
}

@online{url878b2a9b,
    url = {https://artists.apple.com/terms}
}

@online{url6031c3b6,
    url = {https://www.youtube.com/watch?v=8VF7gCRhC1o}
}

@online{urleff47858,
    url = {https://pubmed.ncbi.nlm.nih.gov/13242770/}
}

@online{urlfd1708b5,
    url = {https://pubmed.ncbi.nlm.nih.gov/26918729/}
}

@online{url37081940,
    url = {https://www.ncbi.nlm.nih.gov/pmc/articles/PMC150979/}
}

@online{url1b19fa1f,
    url = {https://med.stanford.edu/news/all-news/2021/01/study-reveals-immune-driver-of-brain-aging.html}
}

@online{url96ed34b4,
    url = {https://pubmed.ncbi.nlm.nih.gov/33473210/}
}

@online{url276c025f,
    url = {https://www.frontiersin.org/articles/10.3389/fphar.2020.00429/full}
}

@online{urlb4b27ac1,
    url = {https://clinicaltrials.gov/ct2/show/NCT03052400}
}

@online{url63eac926,
    url = {http://haidut.me/?p=1314}
}

@online{url8ee168bb,
    url = {https://en.wikipedia.org/wiki/Mifepristone}
}

@online{urlc818879a,
    url = {https://www.sciencedirect.com/science/article/abs/pii/S0306453020301177}
}

@online{url031e87d9,
    url = {https://www.ajmc.com/view/stress-hormone-cortisol-associated-with-increased-blood-sugar-in-t2d-population}
}

@online{urla862d67f,
    url = {https://www.ajmc.com/view/experts-issue-guidance-on-concurrent-covid19-diabetes-treatment}
}

@online{urlbee318d5,
    url = {https://www.diabetes.org/sites/default/files/2020-07/7.29.2020_dQA-ADA Data Release.pdf}
}

@online{urle71d163f,
    url = {https://www.pnas.org/content/117/36/22015}
}

@online{url8a36dd3a,
    url = {https://sites.wustl.edu/ccplab/people/deanna-barch/}
}

@online{urldbf86030,
    url = {https://en.wikipedia.org/wiki/Nivolumab}
}

@online{url1676c57c,
    url = {https://academic.oup.com/ajcn/article/84/6/1277/4649361}
}

@online{url20c67917,
    url = {https://en.wikipedia.org/wiki/Drostanolone_propionate}
}

@online{urld21d6aec,
    url = {https://en.wikipedia.org/wiki/Selective_estrogen_receptor_modulator}
}

@online{urlbeeaf76b,
    url = {https://en.wikipedia.org/wiki/Tamoxifen}
}

@online{url23394a18,
    url = {https://en.wikipedia.org/wiki/Exemestane}
}

@online{url265fd7d3,
    url = {https://mct.aacrjournals.org/content/6/11/2817}
}

@online{url01364771,
    url = {http://haidut.me/?p=1208}
}

@online{url1013a724,
    url = {http://haidut.me/?p=1226}
}

@online{url575788d9,
    url = {http://haidut.me/?p=901}
}

@online{url7757b6cd,
    url = {https://en.wikipedia.org/wiki/Selective_androgen_receptor_modulator}
}

@online{url2716f05d,
    url = {https://www.fiercebiotech.com/research/veruas-touts-novel-breast-cancer-treatment-strategy-as-drug-nears-phase-3}
}

@online{url9af1938b,
    url = {https://www.nature.com/articles/s41591-020-01168-7}
}

@online{urlef64eaea,
    url = {https://assets.researchsquare.com/files/rs-62718/v1_stamped.pdf}
}

@online{urlaf763cce,
    url = {https://www.oncologynurseadvisor.com/home/departments/issues-in-cancer-survivorship/vitamin-d-regimen-is-effective-in-resolving-bone-pain-related-to-aromatase-inhibitor-therapy/}
}

@online{url27930e3b,
    url = {http://haidut.me/?p=1277}
}

@online{url38a2bc4b,
    url = {https://pubmed.ncbi.nlm.nih.gov/17156083/}
}

@online{url089010ff,
    url = {https://journals.physiology.org/doi/full/10.1152/ajpregu.00688.2007}
}

@online{url07a0a1c7,
    url = {https://raypeatforum.com/community/threads/what-is-the-raw-material-cholesterol-is-made-from.17351/}
}

@online{url52c0f9da,
    url = {https://en.wikipedia.org/wiki/Dexamethasone}
}

@online{url3ba1b1b8,
    url = {https://www.thelancet.com/journals/landia/article/PIIS2213-8587(20)30216-3/fulltext}
}

@online{url9a7ac8e8,
    url = {https://medicalxpress.com/news/2020-06-high-cortisol-greater-death-covid-.html}
}

@online{url0f49ce40,
    url = {https://medicalxpress.com/tags/intensive+care/}
}

@online{urlff272144,
    url = {https://raypeatforum.com/community/attachments/22300/}
}

@online{urlf3851e33,
    url = {http://haidut.me/?p=1304}
}

@online{url74fe4bd8,
    url = {https://erj.ersjournals.com/content/33/3/502}
}

@online{url5c7cfed6,
    url = {https://pubmed.ncbi.nlm.nih.gov/10428066/}
}

@online{url45f35109,
    url = {https://theinfectiousmyth.com/book/SARS.pdf}
}

@online{url52480f70,
    url = {http://haidut.me/?p=1165}
}

@online{url131ce4a3,
    url = {http://haidut.me/?p=1073}
}

@online{url936a7b9c,
    url = {https://www.ncbi.nlm.nih.gov/pmc/articles/PMC6989660/}
}

@online{urlc4cca40f,
    url = {https://www.ncbi.nlm.nih.gov/pmc/articles/PMC3380548/}
}

@online{urle1383601,
    url = {http://haidut.me/?p=1409}
}

@online{url7ff6e219,
    url = {https://pubmed.ncbi.nlm.nih.gov/11935209/}
}

@online{urlb7d032bd,
    url = {http://haidut.me/?p=1403}
}

@online{urlec843fc6,
    url = {https://www.sciencedirect.com/science/article/pii/S0014480020308662}
}

@online{url26cffe3e,
    url = {https://doi.org/10.1210/jcem.79.3.8077349}
}

@online{url36a7974c,
    url = {https://raypeatforum.com/community/threads/everything-big-data-claims-to-know-about-you-may-be-wrong.24447/}
}

@online{url6c7c7c9d,
    url = {https://www.cdc.gov/nchs/data/nvsr/nvsr68/nvsr68_06-508.pdf}
}

@online{url982g3b329,
    url = {https://www.youtube.com/watch?v=2l6JUNFAJ9o}
}

@online{url2ceb19a6,
    url = {https://raypeatforum.com/community/attachments/22428/}
}

@online{urlfe446e23,
    url = {https://www.cdc.gov/mmwr/volumes/70/wr/mm7014e1.htm?s_cid=mm7014e1_w}
}

@online{url8cf1317b,
    url = {https://www.qcc.cuny.edu/socialsciences/ppecorino/medical_ethics_text/Chapter_3_Moral_Climate_of_Health_Care/Reading-Death-Rate-Doctor-Strike.htm}
}

@online{url9b94e4d0,
    url = {https://www.axios.com/suicide-decreased-in-2020-pandemmic-mental-health-26196eaf-a245-4d21-85eb-eeb864a24449.html}
}

@online{url80e2a2ae,
    url = {https://www.cdc.gov/nchs/products/databriefs/db395.htm}
}

@online{url4620ff98,
    url = {https://www.jacc.org/doi/full/10.1016/j.jacc.2007.09.055}
}

@online{url4c76c8e5,
    url = {https://www.nature.com/articles/s41392-020-00411-4}
}

@online{urld201a650,
    url = {https://www.iflscience.com/health-and-medicine/keto-diets-cause-scarring-of-heart-tissue-and-inhibit-mitochondria-production-in-rats/}
}

@online{url429a0c91,
    url = {https://www.ncbi.nlm.nih.gov/pmc/articles/PMC6361831/}
}

@online{url21938hgd,
    url = {https://raypeatforum.com/community/threads/norway-changes-vaccine-guidelines-after-23-deaths.38312/post-597675}
}

@online{url4dc8458e,
    url = {https://www.medicalnewstoday.com/articles/medical-myths-all-about-sugar}
}

@online{urlc8665df0,
    url = {https://www.functionalps.com/blog/2012/11/16/low-blood-sugar-basics/}
}

@online{urla50a6b8d,
    url = {https://www.functionalps.com/blog/2011/02/04/sugar-sucrose-restrains-the-stress-hormone-system/}
}

@online{urlee478f6e,
    url = {https://www.functionalps.com/blog/2012/11/26/ray-peat-phd-on-low-blood-sugar-stress-reaction/}
}

@online{urlb200a2ba,
    url = {http://www.raypeat.com/articles/articles/sugar-issues.shtml}
}

@online{url0399fffd,
    url = {http://raypeat.com/articles/articles/glycemia.shtml}
}

@online{url22e096c9,
    url = {https://en.wikipedia.org/wiki/Fitness_(biology)}
}

@online{url109af832,
    url = {https://www.bbc.com/news/world-55514243}
}

@online{url2ba9302f,
    url = {https://dictionary.cambridge.org/dictionary/english/substance}
}

@online{urlea9e4b61,
    url = {https://dictionary.cambridge.org/dictionary/english/contain}
}

@online{url2779c943,
    url = {https://dictionary.cambridge.org/dictionary/english/virus}
}

@online{url68111007,
    url = {https://dictionary.cambridge.org/dictionary/english/bacterium}
}

@online{urlbb58f835,
    url = {https://dictionary.cambridge.org/dictionary/english/form}
}

@online{url77233b20,
    url = {https://dictionary.cambridge.org/dictionary/english/harm}
}

@online{url125eb1b2,
    url = {https://dictionary.cambridge.org/dictionary/english/person}
}

@online{url1ee85292,
    url = {https://dictionary.cambridge.org/dictionary/english/animal}
}

@online{urlb4ab8d3d,
    url = {https://dictionary.cambridge.org/dictionary/english/prevent}
}

@online{urlaf7df1f3,
    url = {https://dictionary.cambridge.org/dictionary/english/disease}
}

@online{url08fa752c,
    url = {https://dictionary.cambridge.org/dictionary/english/cause}
}

@online{url478d6182,
    url = {https://www.abc.net.au/news/2020-12-11/uq-csl-coronavirus-vaccine-trial-to-be-abandoned/12973656}
}

@online{url3856252c,
    url = {https://webcache.googleusercontent.com/search?q=cache:qzCxE2RTt0MJ:https://www.oxfordpharma.com.au/wp-content/uploads/2020/10/Patterns-of-use-of-medical-cannabis-among-Israeli-cancer-patients-A-single-institution-experience-1.pdf+&cd=4&hl=fr&ct=clnk&gl=ro&client=firefox-b-d}
}

@online{url300850c7,
    url = {http://tapnewswire.com/2021/01/moderna-admits-here-that-what-they-inject-now-is-an-operating-system/}
}

@online{url6f93ce63,
    url = {https://www.patreon.com/d_state_analytics}
}

@online{url5685f1d7,
    url = {https://www.patreon.com/posts/deep-state-fake-47095638?utm_medium=post_notification_email&utm_source=post_link&utm_campaign=patron_engagement&token=eyJ0eXAiOiJKV1QiLCJhbGciOiJIUzI1NiJ9.eyJyZWRpc19rZXkiOiJpbnN0YW50LWFjY2VzczoyZmVmMmJjOS05ZWI0LTQ3ODAtYmUxZS1kOWJmMjAxOWYzMDQifQ.EpUD1KgO5RNWkePO6ad5Rh1eoHyKbvA_oKvJuR8LB80}
}

@online{urlbb3254ce,
    url = {https://d-state-research.com/home/doug-caddy-and-e-howard-hunt-alien-throw/}
}

@online{url197361db,
    url = {https://d-state-research.com/home/tag/dark-journalist/}
}

@online{urldb1baf74,
    url = {https://d-state-research.com/home/dark-journalist-to-stars-academy-cia-op/}
}

@online{url20e7431c,
    url = {https://d-state-research.com/home/senator-stuart-symington-and-the-sale-of-fort-monmouth-secrets-look-theres-a-ufo/}
}

@online{urlb23f80bd,
    url = {https://d-state-research.com/home/tag/wwii/}
}

@online{url7b4cda0a,
    url = {https://www.imdb.com/title/tt7319088/}
}

@online{url64c1b20f,
    url = {https://www.cufon.org/contributors/DJ/Do Nuclear Facilities Attract UFOs.htm}
}

@online{urla8feeed1,
    url = {https://d-state-research.com/home/tag/ufo/}
}

@online{urlb3321d78,
    url = {https://d-state-research.com/home/tag/warren/}
}

@online{urld1ed4853,
    url = {https://d-state-research.com/home/tag/david-greenglass/}
}

@online{url2d0d2ae5,
    url = {https://d-state-research.com/home/tag/rosenberg/}
}

@online{urlfc969062,
    url = {https://d-state-research.com/home/tag/new-york-city/}
}

@online{url969b19c0,
    url = {http://www.nicap.org/reports/monmouth3.htm}
}

@online{url09e17763,
    url = {https://d-state-research.com/home/tag/cabell/}
}

@online{url15750a1f,
    url = {https://d-state-research.com/home/tag/pearre/}
}

@online{urldfb4d359,
    url = {https://d-state-research.com/home/tag/jfk/}
}

@online{urlf0100eab,
    url = {https://d-state-research.com/home/tag/cia/}
}

@online{url35d17c4f,
    url = {https://d-state-research.com/home/harry-gold-another-reluctant-red-patsy-for-the-gibson-island-syndicate-fort-monmouth-weapons-exfiltration-franchise-part-ii/}
}

@online{url517f0de8,
    url = {https://d-state-research.com/home/tag/bush/}
}

@online{urlc32e2d0c,
    url = {https://d-state-research.com/home/tag/emerson-electric/}
}

@online{url2d0d369d,
    url = {https://d-state-research.com/home/tag/eugenics/}
}

@online{urlf68fe89e,
    url = {https://d-state-research.com/home/tag/wwi/}
}

@online{url4b79416f,
    url = {https://d-state-research.com/home/tag/false-flag/}
}

@online{url97f930c4,
    url = {https://d-state-research.com/home/tag/the-apollo-affair/}
}

@online{url2823457c,
    url = {https://d-state-research.com/home/tag/uranium/}
}

@online{urle4ce5b0a,
    url = {https://d-state-research.com/home/tag/apollo-pennsylvania/}
}

@online{url6fd303a5,
    url = {https://d-state-research.com/home/tag/rockefeller/}
}

@online{url75ac4fe2,
    url = {https://d-state-research.com/home/tag/heu/}
}

@online{url049b67f8,
    url = {https://d-state-research.com/home/?s=Apollo+Affair}
}

@online{url900a8f6c,
    url = {https://d-state-research.com/home/tag/booth/}
}

@online{url515df6a5,
    url = {https://d-state-research.com/home/tag/white-russian/}
}

@online{url3de62506,
    url = {https://d-state-research.com/home/category/deep-state-families/booth-family/}
}

@online{url19fcfed7,
    url = {https://justpaste.it/9lyb4}
}

@online{url2145d2a4,
    url = {https://raypeatforum.com/community/attachments/21525/}
}

@online{urla58e50fc,
    url = {https://scivisionpub.com/abstract-display.php?id=1503}
}

@online{urlab46ec60,
    url = {https://youtu.be/u-9mIzS-Gq0?t=6325}
}

@online{urld4e9f0d0,
    url = {https://youtu.be/u-9mIzS-Gq0?t=13481}
}

@online{urld701ddf7,
    url = {https://nationalfile.com/israeli-jews-petition-international-criminal-court-say-israels-mandatory-covid-vaccines-violate-nuremberg-code/}
}

@online{url21a40379,
    url = {https://www.jpost.com/breaking-news/pfizer-ceo-albert-bourla-calls-israel-worlds-lab-in-interview-to-nbc-660349}
}

@online{urld505eea3,
    url = {https://www.unz.com/gatzmon/hot-off-the-press-pfizer-ceo-albert-bourla-admits-israel-is-the-worlds-lab/?highlight=covid}
}

@online{urle9440b51,
    url = {https://www.jpost.com/tags/pfizer}
}

@online{url9b28f9e8,
    url = {https://gilad.online/writings/2021/4/21/the-israeli-people-committees-april-report-on-the-lethal-impact-of-vaccinations}
}

@online{url194236c9,
    url = {https://www.worldometers.info/coronavirus/country/israel/}
}

@online{url56991492,
    url = {https://www.globalresearch.ca/israel-50-of-those-fully-vaccinated-2-jabs-have-tested-covid-positive/5748654}
}

@online{urlb614555a,
    url = {https://www.youtube.com/redirect?event=video_description&redir_token=QUFFLUhqbnY1NFNRR2ZENkF6YXhaOVdDa1NQa0p6WWI3Z3xBQ3Jtc0trSTZ4ZFFtN2xZQXBCa1p4c0xJbV9udHVCVjYwazBqb1BYV2ZIQVNJY0NBMkJ0N2xkLU9oYXJKZWwtXzNLbGdNeTQzRWFZeEZHYUVoLVc5aUZHMDMwS3pHMGlFUzJkYkRpay0ySE5iYkRMNXN3NjQ5UQ&q=https://www.israelnationalnews.com/News/News.aspx/309762}
}

@online{url29cf4aae,
    url = {https://www.youtube.com/redirect?event=video_description&redir_token=QUFFLUhqbEpxallnZ2dFZXJLRGJ1NDJUczU1MzZtN3NyUXxBQ3Jtc0tsUkthRFhvTmFaM0xYZkFocHhKeEdnLWxUM016aHA5TUJsT0pkazhtajU0V3F2V2FhSG9kbkdOc2Qyc0dSaDVkd3ZBMFA2WWh0MnVnQkM0enU4SFBVTk9nZUJRaGZHUUVMMFpnMk05cDItSUNxcVhyQQ&q=https://twitter.com/cov19treatments/status/1415865494733721605}
}

@online{urla8da34c2,
    url = {https://www.youtube.com/redirect?event=video_description&redir_token=QUFFLUhqbUoyTjFOdXR4ZmVPY082T3dwNjJGeDV4bmwwUXxBQ3Jtc0trZU1NR3pnVGVoaUJYSkM0aVF1TTFWNWxNWjhsT3pNaTNTSDBHSU9vazJ1OU1nbmZTRzFqdk43SjdaYzZObHgyOWFpd0JIOXRVWWZIaWFFem51OUVEZkdjOFJOWGhSNG5xUVpvWF9UalRjdURWaUhJTQ&q=https://www.medscape.com/viewarticle/954357}
}

@online{url03739f47,
    url = {https://www.youtube.com/redirect?event=video_description&redir_token=QUFFLUhqazVhdHVFazNVcEY1a1pIQnViQlBBZ1dzSGRDd3xBQ3Jtc0tuRE5EWHRGQml1ZUJQcXF4RjM5VkhaWWdTbUtfTEo3N09aSEpNLWdkVDV2NkwxcFJvUGhISmhGMTlrUDBTWFlpY05KNVdRck5UYmM2Uy1Ec2lNblJlY2JzUmhvbFR2Q0RiYTNyNUJiTjJSejhJeVQwbw&q=https://www.gov.uk/government/publications/sage-93-minutes-coronavirus-covid-19-response-7-july-2021/sage-93-minutes-coronavirus-covid-19-response-7-july-2021}
}

@online{urlf7bccae8,
    url = {https://www.youtube.com/redirect?event=video_description&redir_token=QUFFLUhqbUZoMDdTR2ducWlTTDJqMEdURmh4RXFIejhSd3xBQ3Jtc0tuTlloZFNSTUxmRGxJM2RBV3RxaEs0SmRFRjE2TDdZNWdhVHB3SG85Q0RDQnN0M21FZU9WV3d0TXhDWXlROWNFcllmVkRoWW5tYUlhSmN6TFFwQmpxcUdKX3VsbXNmdURzSlFzV2xwZjdZd0RmTXRfNA&q=https://en.wikipedia.org/wiki/Germ_theory_denialism}
}

@online{url84f2a6c6,
    url = {https://www.youtube.com/watch?v=jiFuyMf6mmo}
}

@online{url761091e0,
    url = {https://pubmed.ncbi.nlm.nih.gov/3555627/}
}

@online{urlacf11fe8,
    url = {https://pubmed.ncbi.nlm.nih.gov/27284082/}
}

@online{urla69d852b,
    url = {https://www.nature.com/articles/s41398-021-01215-y}
}

@online{url774993b0,
    url = {https://pubmed.ncbi.nlm.nih.gov/17593900/}
}

@online{url9040a6a8,
    url = {https://www.nejm.org/doi/full/10.1056/nejm197709222971201}
}

@online{urlaf411ccc,
    url = {https://www.nejm.org/doi/full/10.1056/NEJM198403223101204}
}

@online{url2facd4a6,
    url = {https://www.ahajournals.org/doi/abs/10.1161/01.cir.82.5.1629}
}

@online{urld07bccd8,
    url = {https://en.wikipedia.org/wiki/Selective_serotonin_reuptake_inhibitor}
}

@online{url61768b0e,
    url = {https://en.wikipedia.org/wiki/Serotonin_transporter}
}

@online{url1aca7a24,
    url = {https://www.syfy.com/syfywire/zootopia-animal-aggression-real-science}
}

@online{url969deb28,
    url = {https://www.sciencedaily.com/releases/2007/04/070422141736.htm}
}

@online{url30b47022,
    url = {https://en.wikipedia.org/wiki/TLR7}
}

@online{url45f67f23,
    url = {https://pubmed.ncbi.nlm.nih.gov/33510463/}
}

@online{url852a86c4,
    url = {https://factor.niehs.nih.gov/2021/3/papers/autoimmunity/index.htm}
}

@online{urla9c663b7,
    url = {https://medlineplus.gov/sjogrenssyndrome.html}
}

@online{url199c8e18,
    url = {https://en.wikipedia.org/wiki/Ketotifen}
}

@online{url1e489c5d,
    url = {https://en.wikipedia.org/wiki/Cyproheptadine}
}

@online{url10e7bda7,
    url = {https://onlinelibrary.wiley.com/doi/10.1111/all.14748}
}

@online{url773da509,
    url = {https://www.sciencedaily.com/releases/2021/03/210312121314.htm}
}

@online{url23620b52,
    url = {https://www.sciencedaily.com/releases/2020/10/201022195637.htm}
}

@online{url8a44c9cc,
    url = {https://febs.onlinelibrary.wiley.com/doi/10.1111/febs.15784}
}

@online{urlb7b0fd89,
    url = {https://www.news-medical.net/news/20210310/Low-doses-of-aspirin-may-have-a-potential-beneficial-effect-on-COVID-19.aspx}
}

@online{url451a3555,
    url = {https://eurekalert.org/pub_releases/2021-03/gwu-aum031721.php}
}

@online{url1816e183,
    url = {https://en.wikipedia.org/wiki/Leigh_syndrome}
}

@online{urled97e6b3,
    url = {https://en.wikipedia.org/wiki/MELAS_syndrome}
}

@online{urlbd6f58e1,
    url = {https://academic.oup.com/hmg/advance-article/doi/10.1093/hmg/ddab059/6153421?guestAccessKey=1102c71a-dd26-4dac-aaa5-6745eab701ca}
}

@online{urlfec54444,
    url = {https://www.eurekalert.org/pub_releases/2021-03/chop-rfe030221.php}
}

@online{urld1950105,
    url = {http://haidut.me/?p=1240}
}

@online{url7943f4ad,
    url = {http://dx.doi.org/10.1016/j.celrep.2021.108804}
}

@online{url68ce72fb,
    url = {https://www.eurekalert.org/pub_releases/2021-03/uos-bfr022521.php}
}

@online{urlc328b0de,
    url = {https://en.wikipedia.org/wiki/Lipoxygenase}
}

@online{url618f930e,
    url = {https://link.springer.com/article/10.1134/S0006297920090059}
}

@online{url364e6406,
    url = {https://www.labnews.co.uk/article/2031213/microbial-lipoxygenases-a-next-target-against-antibiotic-resistance}
}

@online{url7fc04cda,
    url = {https://www.wkyc.com/video/news/health/coronavirus/study-vitamin-k2-d-helps-help-protect-those-sick-with-covid-19/95-8a851dbd-8081-4186-9b46-94171c96ece5}
}

@online{urle8c33b33,
    url = {https://pubmed.ncbi.nlm.nih.gov/33260798/}
}

@online{url0f429f6f,
    url = {https://podcasts.apple.com/us/podcast/hans-amato-nigella-sativa-starch-fiber-problems-preserving/id1532348711?i=1000504030971}
}

@online{url8e3e1ad1,
    url = {https://selfhacked.com/blog/35proven-health-benefits-vitamin-d-part-1/}
}

@online{url50d3421e,
    url = {https://selfhacked.com/blog/top-22-science-based-health-benefits-of-fish-oil/}
}

@online{url5006f9d1,
    url = {https://selfhacked.com/blog/alpha-linolenic-acid/}
}

@online{url9ebe80bd,
    url = {https://www.pnas.org/content/118/11/e2010282118}
}

@online{url360fd706,
    url = {https://www.sciencedaily.com/releases/2021/03/210309105140.htm}
}

@online{url471b8485,
    url = {https://care.diabetesjournals.org/content/24/12/2149}
}

@online{url1a3cb475,
    url = {https://raypeatforum.com/community/attachments/22726/}
}

@online{urlb7da94a8,
    url = {https://pubmed.ncbi.nlm.nih.gov/8286848/}
}

@online{url5525cf87,
    url = {https://pubmed.ncbi.nlm.nih.gov/8384998/}
}

@online{url66668b0d,
    url = {https://www.longdom.org/open-access/longterm-remission-of-adenoid-cystic-tongue-carcinoma-with-low-dose-naltrexone-and-vitamin-d-a-case-report-2247-2452.1000662.pdf}
}

@online{url446c948c,
    url = {https://pubmed.ncbi.nlm.nih.gov/8202625/}
}

@online{url9c3bc6f3,
    url = {https://pubmed.ncbi.nlm.nih.gov/32069830/}
}

@online{urle1e73161,
    url = {https://www.discoverymedicine.com/Julian-L-Ambrus/2009/07/26/attempts-to-induce-differentiation-of-neoplastic-cells-to-normal/}
}

@online{urlf2e41027,
    url = {https://www.sciencedirect.com/science/article/abs/pii/096007609090435N}
}

@online{urlc2a1941c,
    url = {https://www.discoverymedicine.com/category/medical-specialties/oncology/sarcoma/osteosarcoma/}
}

@online{urlccdc1a05,
    url = {https://www.discoverymedicine.com/category/medical-specialties/oncology/gynecological-cancer/breast-cancer/}
}

@online{url4c1da07c,
    url = {https://www.discoverymedicine.com/category/medical-specialties/oncology/prostate-cancer/}
}

@online{urlcb9d1d7e,
    url = {https://pubmed.ncbi.nlm.nih.gov/27815260/}
}

@online{urlf8ffffe9,
    url = {https://pubmed.ncbi.nlm.nih.gov/32645119/}
}

@online{url421da4dc,
    url = {https://pubmed.ncbi.nlm.nih.gov/28886439/}
}

@online{url50256d5a,
    url = {https://www.sciencedirect.com/topics/medicine-and-dentistry/glucose-metabolism}
}

@online{url4c2127fd,
    url = {https://www.sciencedirect.com/topics/medicine-and-dentistry/glucagon-like-peptide-1}
}

@online{url1e2135d3,
    url = {https://www.sciencedirect.com/topics/medicine-and-dentistry/high-sucrose-diet}
}

@online{url95248998,
    url = {https://www.sciencedirect.com/topics/medicine-and-dentistry/fgf21}
}

@online{url94e89910,
    url = {https://pubmed.ncbi.nlm.nih.gov/14139786/}
}

@online{urld6860bf8,
    url = {https://pubmed.ncbi.nlm.nih.gov/4577116/}
}

@online{urle6ac5fc1,
    url = {https://pubmed.ncbi.nlm.nih.gov/14109120/}
}

@online{urlbbb645f5,
    url = {https://www.tandfonline.com/doi/abs/10.1080/00325481.1964.11694984}
}

@online{url42d54b10,
    url = {https://www.lipocine.com/pipeline/lpcn-1144/}
}

@online{url25761e65,
    url = {https://clinicaltrials.gov/ct2/show/NCT04134091}
}

@online{url7cc832ec,
    url = {https://www.streetinsider.com/Corporate+News/Lipocine+(LPCN)+Reports+Positive+Topline+Phase+2+Results+from+LPCN+1144+Ongoing+LiFT+Study+in+Biopsy-Confirmed+NASH+Subjects/17811322.html}
}

@online{urld2480c91,
    url = {https://www.prnewswire.com/news-releases/lipocine-to-present-preclinical-data-on-therapeutic-potential-of-lpcn-1144-in-hepatic-fibrosis-and-nash-at-the-liver-meeting-digital-experience-301163241.html}
}

@online{url5b8b5d50,
    url = {https://c212.net/c/link/?t=0&l=en&o=2964878-1&h=4272484807&u=https://www.aasld.org/node/2046&a=The+Liver+Meeting+Digital+Experience™}
}

@online{url6fd964a7,
    url = {https://doi.org/10.5534/wjmh.200012}
}

@online{url4e5ee098,
    url = {https://pubmed.ncbi.nlm.nih.gov/33462293/}
}

@online{urlc55d09f8,
    url = {https://www.iitm.ac.in/happenings/press-releases-and-coverages/iit-madras-researchers-find-energy-deficiency-some-brain}
}

@online{urld4f4fef4,
    url = {https://highdosethiamine.org/hdt-therapy/}
}

@online{url01a5e5b2,
    url = {https://highdosethiamine.org/2019/09/11/articles/}
}

@online{url2052f43b,
    url = {https://youtu.be/zE_aBt6UYEo?t=9028}
}

@online{url47622c2e,
    url = {https://www.drugs.com/cg/glaucoma.html}
}

@online{urlaeaba332,
    url = {https://www.drugs.com/cg/peptic-ulcer.html}
}

@online{url02852426,
    url = {https://www.drugs.com/cg/enlarged-prostate-bph.html}
}

@online{url4d89e180,
    url = {https://www.drugs.com/cg/asthma.html}
}

@online{url757c406e,
    url = {https://treehozz.com/are-bananas-high-in-serotonin}
}

@online{url63a64037,
    url = {https://treehozz.com/goto/52043}
}

@online{url44fe9b9b,
    url = {https://raypeatforum.com/community/threads/blocking-cortisol-may-treat-even-terminal-cancers.37125/}
}

@online{url2ea9b313,
    url = {https://pubmed.ncbi.nlm.nih.gov/33288594/}
}

@online{url3c5e9232,
    url = {https://www.sst.dk/en/English/news/2021/Denmark-continues-its-vaccine-rollout-without-the-COVID-19-vaccine-from-AstraZeneca}
}

@online{url2767e6b1,
    url = {https://www.bitchute.com/video/fhhNpDM9Ahwf/}
}

@online{urlb7d3cf8d,
    url = {https://www.youtube.com/watch?v=4EotFDfZaao}
}

@online{url1b489627,
    url = {https://greatgameindia.com/bill-gates-agenda-in-india-exposed-by-robert-kennedy-jr/}
}

@online{url12ab48f1,
    url = {https://www.theatlantic.com/technology/archive/2018/09/how-i-learned-to-stop-worrying-and-love-the-microchip/570946/}
}

@online{url940c010d,
    url = {https://www.nytimes.com/2007/09/11/technology/11micro.html}
}

@online{urld1a37c00,
    url = {https://www.youtube.com/watch?v=atMdf0rhbpI}
}

@online{url84eaa653,
    url = {https://www.youtube.com/watch?v=oevWMtwFzwc}
}

@online{urld23c3933,
    url = {https://news.yahoo.com/the-postal-service-is-running-a-running-a-covert-operations-program-that-monitors-americans-social-media-posts-160022919.html?soc_src=social-sh&soc_trk=tw&tsrc=twtr}
}

@online{url43c2ad18,
    url = {https://en.wikipedia.org/wiki/United_States_Postmaster_General}
}

@online{urla614a131,
    url = {https://en.wikipedia.org/wiki/Patrick_R._Donahoe}
}

@online{url53e5b568,
    url = {https://en.wikipedia.org/wiki/US_Department_of_Justice}
}

@online{url53cba0fc,
    url = {http://www.ecommercebytes.com/cab/cab/abn/y14/m04/i15/s02}
}

@online{urlbaacc3ba,
    url = {https://www.govinfo.gov/content/pkg/PPP-2006-book2/html/PPP-2006-book2-doc-pg2219.htm}
}

@online{urlef669426,
    url = {https://archive.fo/1khJw}
}

@online{urle87c87e8,
    url = {https://www.informationliberation.com/?id=60495}
}

@online{urld479fc23,
    url = {http://buchanan.org/blog/a-d-2041-–-end-of-white-america-4912}
}

@online{url50abe115,
    url = {https://www.youtube.com/watch?v=HqiWFLsgVi4}
}

@online{url06d27a22,
    url = {https://youtu.be/pgcHBcQRlpw}
}

@online{urldf236188,
    url = {https://www.youtube.com/watch?v=G45WthPTo24}
}

@online{url17a30fac,
    url = {https://apnews.com/article/coronavirus-pandemic-oregon-6f7f919d27644d02c330da5a8648af95}
}

@online{url88ed1b4e,
    url = {https://www.jpost.com/coronavirus}
}

@online{url7ddac041,
    url = {https://www.dailymotion.com/video/x80l09q}
}

@online{urlfa9ea778,
    url = {https://www.veteranstoday.com/2021/04/18/stunning-pentagon-releases-slam-dunk-ufo-video-admits-withholding-far-more-compelling-images/}
}

@online{url8a6e1797,
    url = {https://thepostmillennial.com/ontario-government-backpedals-on-extraordinary-police-powers-that-would-have-allowed-police-to-randomly-stop-and-question-people-for-being-outdoors}
}

@online{url441cf509,
    url = {https://raypeatforum.com/community/attachments/22846/}
}

@online{url8d632a18,
    url = {https://twitter.com/jtLOL/status/1384147453151043585}
}

@online{url79f45b21,
    url = {https://fortune.com/2018/12/08/moderna-ipo-biotech-future/}
}

@online{url94a8eadd,
    url = {https://finance.yahoo.com/quote/MRNA?p=MRNA}
}

@online{urldc53caf6,
    url = {https://observer.com/2020/11/covid19-vaccine-price-pfizer-moderna-astrazeneca-oxford/}
}

@online{url61fcf3d5,
    url = {https://twitter.com/B33Mello/status/1445858099194212352/photo/1}
}

@online{url0037c902,
    url = {https://raypeatforum.com/community/attachments/23052/}
}

@online{urlc62c4ea9,
    url = {https://raypeatforum.com/community/attachments/23053/}
}

@online{urlc0dd39b5,
    url = {https://twitter.com/karma44921039/status/1386404635838083073?s=21}
}

@online{url5907bcc0,
    url = {https://twitter.com/coldwar_steve?s=21}
}

@online{urle076e1d0,
    url = {https://en.wikipedia.org/wiki/Glue}
}

@online{url3118d6b1,
    url = {https://en.wikipedia.org/wiki/Body_double}
}

@online{url06973af5,
    url = {https://en.wikipedia.org/wiki/Photomontage}
}

@online{urld603934b,
    url = {https://en.wikipedia.org/wiki/William_Notman}
}

@online{url95041e3c,
    url = {https://en.wikipedia.org/wiki/Rudolph_Valentino}
}

@online{urlb0e4d0bb,
    url = {https://en.wikipedia.org/wiki/Enrico_Caruso}
}

@online{url84453f80,
    url = {https://en.wikipedia.org/wiki/Kip_Rhinelander}
}

@online{urla59780cf,
    url = {https://www.amazon.in/CZTL-Methylene-Blue-0-1-Solution/dp/B08HNHJRQS/ref=sr_1_1?adgrpid=62632707087&dchild=1&ext_vrnc=hi&gclid=Cj0KCQjwsqmEBhDiARIsANV8H3YLR4Q2ueYwiCZZnuog_Dp9uKDG4Zr0U8d4ScaEJ7vSY3UtyG2RHNsaAjZJEALw_wcB&hvadid=294135615085&hvdev=c&hvlocphy=9075215&hvnetw=g&hvqmt=e&hvrand=12163359627613692595&hvtargid=kwd-515392895974&hydadcr=5845_1738699&keywords=methylene+blue&qid=1619715103&sr=8-1}
}

@online{url457049e7,
    url = {https://raypeatforum.com/community/attachments/23057/}
}

@online{url3ee40c6c,
    url = {https://twitter.com/pepe111T/status/1385774178150666241}
}

@online{urlb478c71e,
    url = {https://dr-deepak-golwalkar.medium.com/methylene-blue-dosage-for-patients-for-prophylaxis-71aee5f979f6}
}

@online{urlb77d857c,
    url = {https://www.ncbi.nlm.nih.gov/pmc/articles/PMC8352658/}
}

@online{urlaa452db2,
    url = {http://redpillreports.com/learn/who-owns-america-cede-dtcc/}
}

@online{urle498a5a7,
    url = {https://www.zerohedge.com/markets/cfds-dirty-little-secret-behind-collapse-archegos}
}

@online{url820482e4,
    url = {https://www.zerohedge.com/markets/rehypothecated-leverage-how-archegos-built-100-billion-portfolio-out-thin-air-and-then-blew}
}

@online{urle1b91662,
    url = {https://recision.files.wordpress.com/2010/12/jens-parsson-dying-of-money-24.pdf}
}

@online{urlffa203a3,
    url = {https://www.bitchute.com/video/WEzYgbwr50Cm/}
}

@online{urle5f4af25,
    url = {https://raypeatforum.com/community/}
}

@online{url77377aba,
    url = {https://www.reddit.com/r/Superstonk/comments/mvk5dv/a_house_of_cards_part_1/}
}

@online{urlb06f3acf,
    url = {https://raypeatforum.com/community/attachments/22913/}
}

@online{url5617e039,
    url = {https://raypeatforum.com/community/attachments/22911/}
}

@online{url16d78c48,
    url = {https://www.youtube.com/watch?v=VLnc3MmWcRY}
}

@online{url7f00ee12,
    url = {https://twitter.com/BTC_Archive/status/1385324038034182154}
}

@online{urld01777db,
    url = {https://wallstreetonparade.com/2021/04/the-stock-market-is-just-one-hedge-fund-blowup-away-from-a-crash-heres-the-ugly-math/}
}

@online{urla25c0518,
    url = {https://www.utoronto.ca/news/working-local-biotech-u-t-test-drug-may-prevent-fatal-covid-19-lung-damage}
}

@online{url5aa29661,
    url = {https://medicine.utoronto.ca/combined-containment-level-3-unit}
}

@online{urle9701d48,
    url = {https://www.cnbc.com/2021/04/23/mit-researchers-say-youre-no-safer-from-covid-indoors-at-6-feet-or-60-feet-in-new-study.html?utm_source=facebook&utm_medium=news_tab&utm_content=algorithm}
}

@online{urlb6ac4de5,
    url = {https://www.pnas.org/content/118/17/e2018995118}
}

@online{urlce09af6a,
    url = {https://nationalfile.com/report-pfizer-vaccine-confirmed-to-cause-neurodegenerative-diseases/}
}

@online{url4cd95c7d,
    url = {https://www.youtube.com/watch?v=VzU1X-mhS-g}
}

@online{url9938782d,
    url = {https://twitter.com/ABC/status/1387587205410000904?ref_src=twsrc^tfw|twcamp^tweetembed|twterm^1387587205410000904|twgr^|twcon^s1_}
}

@online{url2416871a,
    url = {https://indoor-covid-safety.herokuapp.com/}
}

@online{url9c5d98f0,
    url = {https://highlander.com/wp-content/uploads/2019/06/EIR-The-Ugly-Truth-About-The-ADL-1993.pdf}
}

@online{url255cea40,
    url = {https://www.kelownanow.com/watercooler/news/news/Kelowna/Kelowna_gym_refusing_new_member_applications_from_anyone_who_s_been_vaccinated/}
}

@online{url709e6830,
    url = {https://twitter.com/conspiracyguy78/status/1375522725356318730}
}

@online{url8b27d783,
    url = {https://www.bitchute.com/video/xBwVQFV6KNnt/}
}

@online{url963a2c5a,
    url = {https://www.biorxiv.org/content/10.1101/2020.05.15.098087v1.full.pdf+html}
}

@online{url41dab923,
    url = {https://pubmed.ncbi.nlm.nih.gov/33862598/}
}

@online{url169f1cbf,
    url = {https://www.eurekalert.org/pub_releases/2021-04/sfe-vdd041221.php}
}

@online{url99e20737,
    url = {https://www.ncbi.nlm.nih.gov/pmc/articles/PMC3921055/?fbclid=IwAR0-vAS_F1Fhhd4CSlhdubOivdP25ZRe_kgaig_0wzyhOSedjPLKhvePwJw}
}

@online{url6c9903f2,
    url = {https://onlinelibrary.wiley.com/doi/full/10.1111/nbu.12369?fbclid=IwAR3N_iWwyhEe4aMQJkTErtniogPMPn53ke-c-PqZocnJS2FF_hhnG7KwOJI}
}

@online{url8a1515d7,
    url = {https://en.wikipedia.org/wiki/Phthalate}
}

@online{url9781d155,
    url = {https://www.fda.gov/news-events/press-announcements/fda-approves-first-treatment-post-partum-depression}
}

@online{url4046602c,
    url = {https://academic.oup.com/jcem/advance-article-abstract/doi/10.1210/clinem/dgab199/6189805?redirectedFrom=fulltext}
}

@online{url793a5342,
    url = {https://www.romper.com/life/study-exposure-chemicals-plastics-beauty-products-postpartum-depression}
}

@online{url8b8919c0,
    url = {https://www.insider.com/exposure-to-chemicals-in-pregnancy-linked-to-postpartum-depression-study-2021-4}
}

@online{url6bca527c,
    url = {https://med.nyu.edu/departments-institutes/pediatrics/divisions/environmental-pediatrics/our-team}
}

@online{url072cb575,
    url = {https://www.fda.gov/cosmetics/cosmetic-ingredients/phthalates}
}

@online{urlc6caef68,
    url = {https://pubmed.ncbi.nlm.nih.gov/33811609/}
}

@online{url28751034,
    url = {https://www.ejast.org/archive/view_article?pid=jast-63-2-453}
}

@online{urle8dc9fd6,
    url = {https://raypeatforum.com/community/threads/ssri-drugs-impair-judgment-wisdom-understanding-love-and-empathy.17872/}
}

@online{url36abc1f3,
    url = {https://raypeatforum.com/community/threads/ssri-make-organisms-demented-violent-homicidal-even-at-low-doses.20528/}
}

@online{url3627fe20,
    url = {https://raypeatforum.com/community/threads/jordan-b-peterson-anyone-else-following-this.16193/page-12}
}

@online{url801e1a28,
    url = {https://en.wikipedia.org/wiki/Corticotropin-releasing_hormone}
}

@online{url93bea4d5,
    url = {https://en.wikipedia.org/wiki/Antalarmin}
}

@online{url3c421a78,
    url = {http://www.ncbi.nlm.nih.gov/pubmed/21273660}
}

@online{urlcb1b066f,
    url = {https://www.mdpi.com/1422-0067/22/5/2773}
}

@online{url03cfa596,
    url = {https://www.osaka-cu.ac.jp/en/news/2020/relieve-your-stress-relieve-your-allergies}
}

@online{url225b14f3,
    url = {https://pubmed.ncbi.nlm.nih.gov/33721390/}
}

@online{url788c4153,
    url = {https://www.dermatologytimes.com/view/the-role-of-vitamin-d-in-keloid-scar-treatment}
}

@online{urlfd18d170,
    url = {http://haidut.me/?p=1405}
}

@online{urlb99bcfd9,
    url = {https://en.wikipedia.org/wiki/Addison's_disease}
}

@online{url563ff5ee,
    url = {https://www.nature.com/articles/s41586-021-03417-2}
}

@online{urlddd627ac,
    url = {https://dx.doi.org/10.1038/s41586-021-03417-2}
}

@online{url6019dcd8,
    url = {https://news.harvard.edu/gazette/story/2020/01/new-findings-suggest-how-stress-may-trigger-gray-hair/}
}

@online{url0a7aa1b3,
    url = {https://joe.bioscientifica.com/view/journals/joe/2/2/joe_2_2_042.xml}
}

@online{urla34a3098,
    url = {https://academic.oup.com/endo/article-abstract/25/5/787/2772702}
}

@online{urlb7bb4985,
    url = {https://www.researchgate.net/publication/6352858_Cortisol_secretion_in_the_elderly_Influence_of_age_sex_and_cardiovascular_disease_in_a_Chinese_population}
}

@online{urldb5e67df,
    url = {https://www.researchgate.net/publication/8581327_Age-Related_Changes_in_Fasting_Plasma_Cortisol_in_Rhesus_Monkeys_Implications_of_Individual_Differences_for_Pathological_Consequences}
}

@online{url832ee405,
    url = {https://raypeatforum.com/community/attachments/46702/}
}

@online{urla968c228,
    url = {https://raypeatforum.com/community/attachments/46703/}
}

@online{urlf53a2afa,
    url = {https://en.wikipedia.org/wiki/Hayflick_limit}
}

@online{url19067a55,
    url = {https://en.wikipedia.org/wiki/NF-κB}
}

@online{url8c3243bb,
    url = {https://www.oncotarget.com/index.php?journal=oncotarget&page=article&op=view&path=7665}
}

@online{url429572e1,
    url = {https://pubmed.ncbi.nlm.nih.gov/26629551/}
}

@online{url42285cf1,
    url = {https://www.ncbi.nlm.nih.gov/pmc/articles/PMC4634197/}
}

@online{url87530138,
    url = {http://dx.doi.org/10.1038/s43587-021-00060-4}
}

@online{url420f8cc0,
    url = {https://eurekalert.org/pub_releases/2021-05/cums-set050321.php}
}

@online{urld8284a7a,
    url = {https://en.wikipedia.org/wiki/Lipopolysaccharide}
}

@online{urlb46ddfef,
    url = {https://en.wikipedia.org/wiki/TLR4}
}

@online{url919f5da1,
    url = {https://www.dovepress.com/ac-sdkp-attenuates-activation-of-lung-macrophages-and-bone-osteoclasts-peer-reviewed-fulltext-article-JIR}
}

@online{urla735b262,
    url = {https://journals.plos.org/plosone/article?id=10.1371/journal.pone.0092634}
}

@online{url3a595e90,
    url = {https://efsa.onlinelibrary.wiley.com/doi/10.2903/j.efsa.2018.5088}
}

@online{url16fca53d,
    url = {https://www.sciencedirect.com/science/article/abs/pii/S0048969716301644?via=ihub}
}

@online{url28d48d22,
    url = {https://www.nature.com/articles/s41598-022-13655-7}
}

@online{url4aa8293e,
    url = {https://www.ncbi.nlm.nih.gov/pmc/articles/PMC8122343/}
}

@online{url3271ff9b,
    url = {https://www.ncbi.nlm.nih.gov/pmc/articles/PMC2809081/}
}

@online{url9dfb24d5,
    url = {https://www.sciencedirect.com/science/article/abs/pii/0140673693923019}
}

@online{url3beb16e3,
    url = {https://www.sciencedirect.com/science/article/abs/pii/S0927776513007893}
}

@online{url7f129062,
    url = {https://www.researchgate.net/publication/323753432_Silicon_Conversion_From_Bamboo_Leaf_Silica_By_Magnesiothermic_Reduction_for_Development_of_Li-ion_Baterry_Anode}
}

@online{urlaa14701b,
    url = {https://youtu.be/HWBqzz3lguo?t=4144}
}

@online{url41a5b5de,
    url = {https://a.co/d/7kyL94X}
}

@online{urlc51b6c6a,
    url = {https://www.amazon.com/dp/B004X8K7KS?tag=rapef020-20}
}

@online{url7777637c,
    url = {https://www.amazon.com/Natural-Factors-Supports-Collagen-Generator/dp/B004X8K7KS/ref=sxts_rp_s_a_sp_1_0?content-id=amzn1.sym.e1d0fd65-dbff-454d-9e35-926f4c285911:amzn1.sym.e1d0fd65-dbff-454d-9e35-926f4c285911&crid=23345D855UTER&cv_ct_cx=biosil&keywords=biosil&pd_rd_i=B004X8K7KS&pd_rd_r=b85ece12-a7c6-4f2c-bab1-9f6540e6272c&pd_rd_w=nrZRi&pd_rd_wg=Uha8w&pf_rd_p=e1d0fd65-dbff-454d-9e35-926f4c285911&pf_rd_r=7FW2PEFXHMMB2GTBSSJN&qid=1672351460&sprefix=bios,aps,261&sr=1-1-3a65484d-1c95-4bed-b564-9469fdeef107}
}

@online{url90f4fe0c,
    url = {https://idioms.thefreedictionary.com/make+something+from+scratch}
}

@online{url35829699,
    url = {https://raypeatforum.com/community/[URL unfurl="true"]https://pubs.acs.org/doi/pdf/10.1021/acsomega.0c01410[/URL]}
}

@online{urlfe520a9b,
    url = {https://hal.archives-ouvertes.fr/hal-00618977/file/PEER_stage2_10.1016%2Fj.applthermaleng.2008.05.014.pdf}
}

@online{url939984c4,
    url = {https://youtu.be/NsJklyN9VWE}
}

@online{urlfb80c03e,
    url = {https://www.merriam-webster.com/words-at-play/pyrrhic-victory-meaning}
}

@online{url663d97c9,
    url = {https://www.youtube.com/watch?v=AO43p2Wqc08}
}

@online{url6d136353,
    url = {https://prevent-alzheimers-autism-stroke.blogspot.com/2022/08/silicade-frequently-asked-questions.html}
}

@online{urlac81d693,
    url = {https://www.theepochtimes.com/health/expert-on-aluminum-toxicity-forced-out-of-university_4886099.html?utm_campaign=socialshare_email}
}

@online{url025ee64f,
    url = {https://onlinelibrary.wiley.com/doi/abs/10.1046/j.1472-8206.2003.00117.x}
}

@online{urlc2b989f1,
    url = {https://drchristopherexley.substack.com/p/silicon-rich-natural-waters/comments}
}

@online{urle6e2c70a,
    url = {https://vaccinepapers.org/wp-content/uploads/Silicon-Rich-Mineral-Water-as-a-NonInvasive-Test-of-the-Aluminum-Hypothesis-in-Alzheimers-Disease.pdf}
}

@online{urlec3f0417,
    url = {https://www.ncbi.nlm.nih.gov/pmc/articles/PMC5832610/}
}

@online{urlc4096f14,
    url = {https://www.sciencedirect.com/science/article/pii/S0162013499001269}
}

@online{url2650d222,
    url = {https://pubmed.ncbi.nlm.nih.gov/6858402/}
}

@online{urlf44bb80c,
    url = {https://www.sid.ir/paper/84343/en}
}

@online{url7b8fb4df,
    url = {https://www.researchgate.net/publication/21814492_Vitamin_D_and_aluminum_absorption}
}

@online{url29cff770,
    url = {https://www.researchgate.net/figure/Interactions-of-vitamin-D-essential-minerals-and-toxic-elements_tbl1_280626793}
}

@online{url3de0d74b,
    url = {https://pubmed.ncbi.nlm.nih.gov/19425229/}
}

@online{url544e8349,
    url = {https://pubmed.ncbi.nlm.nih.gov/29428933/}
}

@online{urlf46ec394,
    url = {https://www.ncbi.nlm.nih.gov/pmc/articles/PMC7929669/}
}

@online{url6509c8ab,
    url = {https://www.youtube.com/watch?v=po8IuIXjCME}
}

@online{urlc8f869eb,
    url = {https://www.facebook.com/dennis.n.crouse/videos/how-to-make-your-own-silica-rich-water/818296221700602/}
}

@online{urle6e51163,
    url = {https://prevent-alzheimers-autism-stroke.com/silicade/}
}

@online{url39eaaad5,
    url = {https://www.dovepress.com/identification-of-serotonin-as-a-predictive-marker-for-breast-cancer-p-peer-reviewed-fulltext-article-IJGM}
}

@online{url2e18a702,
    url = {https://alsnewstoday.com/news-posts/2020/10/19/dihydrotestosterone-levels-cerebral-spinal-fluid-pmay-contribute-to-als-study-suggests/}
}

@online{url2211491e,
    url = {https://www.ncbi.nlm.nih.gov/pmc/articles/PMC3351454/}
}

@online{url65e5c1ef,
    url = {https://pubmed.ncbi.nlm.nih.gov/29427042/}
}

@online{url693029ee,
    url = {https://onlinelibrary.wiley.com/doi/abs/10.1002/ar.1092230410}
}

@online{url7bf9c5ba,
    url = {https://youtu.be/ictH1rSOg5w}
}

@online{url1af6c096,
    url = {https://www.theblaze.com/op-ed/horowitz-cdc-issues-guidance-for-evaluating-post-vaccination-covid-tests-at-a-lower-standard}
}

@online{urla507c2a5,
    url = {https://www.nytimes.com/2020/08/29/health/coronavirus-testing.html}
}

@online{url986ca7eb,
    url = {http://www.alexberenson.com/}
}

@online{url077cd41f,
    url = {https://timesofmalta.com/articles/view/malta-has-reached-herd-immunity-health-minister-says.874234}
}

@online{url20846f3c,
    url = {https://timesofmalta.com/articles/view/vaccine-passes-to-be-used-to-gradually-restart-events.874261}
}

@online{urla3692fd4,
    url = {https://www.cdc.gov/vaccines/covid-19/downloads/Information-for-laboratories-COVID-vaccine-breakthrough-case-investigation.pdf}
}

@online{urldce90bf7,
    url = {https://dshs.texas.gov/immunize/covid19/2020-COVID-19-shot-card-2b.pdf}
}

@online{url83b74a1f,
    url = {https://raypeatforum.com/community/threads/pansterone-liquid-pregnenolone-dhea-mix.7426/post-640839}
}

@online{urlae12f6eb,
    url = {https://files.catbox.moe/lu2ahl.pdf}
}

@online{urlc3018f5f,
    url = {https://sentinelksmo.org/kansas-labs-set-cycle-thresholds-too-high-detect-non-contagious-virus/}
}

@online{urlb498fbc3,
    url = {https://sentinelksmo.org/cycle-threshold-data-required-in-florida-lenexa-lab-wont-release-in-ks/}
}

@online{urlf3c0c286,
    url = {https://sentinelksmo.org/kdhe-quietly-reduced-cycle-threshold-on-covid-tests/}
}

@online{urlc522bf0a,
    url = {https://en.wikipedia.org/wiki/Estrone}
}

@online{urld535ccc1,
    url = {https://en.wikipedia.org/wiki/Estrone_sulfate}
}

@online{url1b649b74,
    url = {https://doi.org/10.1515/hmbci-2012-0026}
}

@online{urlb3872161,
    url = {https://pubmed.ncbi.nlm.nih.gov/9699197/}
}

@online{urlb6a07e28,
    url = {https://onlinelibrary.wiley.com/doi/full/10.1111/pcn.12613}
}

@online{url715399e3,
    url = {http://dx.doi.org/10.1038/s41398-021-01381-z}
}

@online{urlbc40fd89,
    url = {https://www.eurekalert.org/pub_releases/2021-05/tmio-vbd052521.php}
}

@online{urlc526489f,
    url = {https://patents.google.com/patent/EP0416248B1/}
}

@online{url0f90440b,
    url = {https://www.cnn.com/2021/05/17/success/who-long-hours-intl-scli-wellness/index.html}
}

@online{url6227bffa,
    url = {https://www.nature.com/articles/s41398-021-01376-w}
}

@online{urlf01591f4,
    url = {https://www.sciencedaily.com/releases/2021/05/210510085851.htm}
}

@online{urlac5ad5e7,
    url = {https://www.embopress.org/doi/full/10.15252/embr.202051280}
}

@online{url88859c4e,
    url = {https://medicaldialogues.in/ent/news/tlr4-inhibition-could-prevent-hearing-loss-caused-by-chemotherapy-drug-cisplatin-study-77658}
}

@online{url0777cf70,
    url = {https://en.wikipedia.org/wiki/Obesity_paradox}
}

@online{url06784051,
    url = {https://jamanetwork.com/journals/jamanetworkopen/fullarticle/2779685}
}

@online{url0de6bb21,
    url = {https://jamanetwork.com/journals/jamanetworkopen/fullarticle/2779685?utm_source=For_The_Media&utm_medium=referral&utm_campaign=ftm_links&utm_term=050721}
}

@online{url45fdbfdb,
    url = {https://www.ncbi.nlm.nih.gov/pmc/articles/PMC8040149/}
}

@online{url302d4684,
    url = {https://medicaldialogues.in/psychiatry/perspective/indian-culture-inability-to-express-feelings-and-depression-explaining-the-complex-relationship-76889?infinitescroll=1}
}

@online{urlb5005e7a,
    url = {https://www.thelocal.fr/20190920/france-brings-ahalt-to-illegal-parkinsons/}
}

@online{urle3a66c25,
    url = {https://pubmed.ncbi.nlm.nih.gov/27736/}
}

@online{url3958fe6a,
    url = {https://pubmed.ncbi.nlm.nih.gov/509224/}
}

@online{url1d247f69,
    url = {https://www.ncbi.nlm.nih.gov/pmc/articles/PMC1312295/}
}

@online{urlfc3bd14c,
    url = {https://www.cdc.gov/pcd/issues/2021/pdf/21_0123.pdf}
}

@online{urld8147dc0,
    url = {https://advances.sciencemag.org/content/7/18/eabe7359}
}

@online{url202c5f54,
    url = {https://medicalxpress.com/news/2021-05-mitochondria-key-role-lymphatic.html}
}

@online{urlc120662d,
    url = {https://medicalxpress.com/tags/cell+fate/}
}

@online{url9f7b6ab9,
    url = {https://medicalxpress.com/tags/progenitor+cells/}
}

@online{url095b16be,
    url = {https://science.sciencemag.org/content/372/6543/716}
}

@online{url53594d2c,
    url = {http://haidut.me/?p=546}
}

@online{url87413db3,
    url = {https://jamanetwork.com/journals/jama/fullarticle/199765}
}

@online{url67bc6386,
    url = {https://www.mdpi.com/2076-3425/10/7/417/htm}
}

@online{url0e9bddaa,
    url = {https://www.medscape.com/viewarticle/950877}
}

@online{url8552d90c,
    url = {https://emedicine.medscape.com/article/286759-overview}
}

@online{url1b15a570,
    url = {https://skeletalmusclejournal.biomedcentral.com/articles/10.1186/s13395-021-00263-8}
}

@online{url7de6d44b,
    url = {https://en.wikipedia.org/wiki/Reserpine}
}

@online{urle52ee4e0,
    url = {http://dx.doi.org/10.1126/sciadv.abe2626}
}

@online{url4e2e0946,
    url = {https://www.eurekalert.org/pub_releases/2021-06/rumc-ffl060721.php}
}

@online{url93e98bea,
    url = {https://doi.org/10.1038/s41598-020-79552-z}
}

@online{url6af84e80,
    url = {https://pubmed.ncbi.nlm.nih.gov/21782675/}
}

@online{urlc8312e17,
    url = {https://www.hormonesmatter.com/thiamine-missing-piece-covid-treatment-puzzle/}
}

@online{url7472a7be,
    url = {http://dx.doi.org/10.1016/j.cmet.2008.08.001}
}

@online{urlf4fe32c9,
    url = {https://www.sciencedaily.com/releases/2008/09/080909131223.htm}
}

@online{url8186f601,
    url = {https://pubmed.ncbi.nlm.nih.gov/11111167/}
}

@online{url00dc4219,
    url = {https://bmcpublichealth.biomedcentral.com/articles/10.1186/s12889-021-11089-w}
}

@online{url6372acc8,
    url = {https://medicaldialogues.in/oncology/news/lower-exposure-to-uvb-light-may-increase-colorectal-cancer-risk-79643}
}

@online{urla128ba72,
    url = {https://www.nature.com/articles/s42255-020-0200-2}
}

@online{url187d76f3,
    url = {https://www.mpg.de/14835776/lysosome-mitochondria-longevity}
}

@online{url3b67ff26,
    url = {https://doi.org/10.1371/journal.pone.0034402}
}

@online{url056460e3,
    url = {https://www.annualreviews.org/doi/10.1146/annurev-cellbio-021820-101354}
}

@online{url7ce31e99,
    url = {https://www.discovermagazine.com/mind/could-mitochondria-be-the-key-to-a-healthy-brain}
}

@online{urlf06c30e3,
    url = {https://www.nature.com/articles/s41380-021-01207-w}
}

@online{url7fd59724,
    url = {https://www.eurekalert.org/pub_releases/2021-07/uoc--urp070921.php}
}

@online{urlf205cde7,
    url = {https://pubmed.ncbi.nlm.nih.gov/33663539/}
}

@online{url8b36bcfe,
    url = {https://www.ncbi.nlm.nih.gov/pmc/articles/PMC7931529/figure/Fig1/}
}

@online{urlef7df983,
    url = {https://www.ncbi.nlm.nih.gov/pmc/articles/PMC7931529/figure/Fig2/}
}

@online{url7b76c540,
    url = {https://www.ncbi.nlm.nih.gov/pmc/articles/PMC7931529/figure/Fig3/}
}

@online{url0d50cbcf,
    url = {https://www.ncbi.nlm.nih.gov/pmc/articles/PMC7931529/figure/Fig4/}
}

@online{url2f06a1e8,
    url = {https://www.ncbi.nlm.nih.gov/pmc/articles/PMC7931529/figure/Fig5/}
}

@online{url136998b8,
    url = {https://www.ncbi.nlm.nih.gov/pmc/articles/PMC7931529/figure/Fig6/}
}

@online{urlf4c332c3,
    url = {https://www.ncbi.nlm.nih.gov/pmc/articles/PMC7931529/figure/Fig8/}
}

@online{url39136483,
    url = {https://bmcendocrdisord.biomedcentral.com/articles/10.1186/s12902-021-00786-7}
}

@online{urlde92a9cf,
    url = {https://www.mdlinx.com/journal-summary/does-vitamin-d-supplementation-improve-ovarian-reserve-in-women-with-diminished-ovarian-reserve-and/QPnOIqyXa8krpibW8l2ff}
}

@online{url79c93b91,
    url = {https://doi.org/10.1101/2021.07.01.21259833}
}

@online{url60c38115,
    url = {https://www.news-medical.net/news/20210706/COVID-19-vaccination-may-be-stemming-evolution-of-e2809cfittere2809d-SARS-CoV-2-variants.aspx}
}

@online{url5dbe0c70,
    url = {https://en.m.wikipedia.org/wiki/Marek's_disease}
}

@online{url40d4d7cc,
    url = {https://journals.physiology.org/doi/full/10.1152/japplphysiol.00829.2020}
}

@online{url4ea442f3,
    url = {https://medicalxpress.com/news/2021-06-intense-sessions-temporarily-impair-mitochondrial.html}
}

@online{url3ebe17b9,
    url = {https://medicalxpress.com/tags/training/}
}

@online{url7ffd4acd,
    url = {https://medicalxpress.com/tags/exercise/}
}

@online{url92f0bda1,
    url = {http://Phidippides cardiomyopathy & heart tissue fibrosis}
}

@online{url79c368c8,
    url = {https://nhm.gov.in/index1.php?lang=1&level=2&sublinkid=1332&lid=713}
}

@online{url4d7955e1,
    url = {https://www.business-standard.com/article/current-affairs/50-indian-women-are-anaemic-why-it-persists-after-70-yrs-of-freedom-117112100219_1.html t}
}

@online{url3410539b,
    url = {https://my.clevelandclinic.org/health/diseases/3929-anemia}
}

@online{url4a9e8212,
    url = {https://www.thehindu.com/news/cities/Hyderabad/micronutrient-bites-led-to-striking-reduction-in-anaemic-children-study/article34580524.ece}
}

@online{urlfed4bdec,
    url = {https://www.cambridge.org/core/journals/journal-of-biosocial-science/article/abs/prevalence-of-anaemia-among-6-to-59monthold-children-in-india-the-latest-picture-through-the-nfhs4/A472B96F3447D3F75D570C50E0350AC2}
}

@online{url89f01ed2,
    url = {https://doi.org/10.1016/j.cell.2021.06.019}
}

@online{url1e6ad6e0,
    url = {https://doi.org/10.1126/science.abe6729}
}

@online{urlc539e817,
    url = {https://www.techexplorist.com/good-cholesterol-prevent-liver-inflammation/40216/}
}

@online{url38c192f4,
    url = {https://source.wustl.edu/2021/07/good-cholesterol-may-protect-liver/}
}

@online{url17779aa8,
    url = {https://www.science.org/doi/10.1126/scisignal.abl9322}
}

@online{url2ffe6903,
    url = {https://rupress.org/jem/article-abstract/218/9/e20210571/212494/Activation-of-the-integrated-stress-response?redirectedFrom=fulltext}
}

@online{url72bebf3b,
    url = {https://www.sciencedaily.com/releases/2021/07/210722112942.htm}
}

@online{urla71822b1,
    url = {https://www.biorxiv.org/content/biorxiv/early/2020/06/26/2020.06.26.173492.full.pdf}
}

@online{urlaf895a75,
    url = {https://en.wikipedia.org/wiki/Wernicke–Korsakoff_syndrome}
}

@online{url38c1c9ab,
    url = {https://www.sciencedirect.com/science/article/pii/S0019483221000857}
}

@online{url0f1392d6,
    url = {https://medicaldialogues.in/cardiology-ctvs/news/thiamine-may-improve-left-ventricular-function-in-alcoholic-cardiomyopathy-study-79976}
}

@online{urle8220473,
    url = {https://en.wikipedia.org/wiki/Thiamine_deficiency}
}

@online{urldf047703,
    url = {https://en.wikipedia.org/wiki/Cangene_Corp.}
}

@online{urlc069853b,
    url = {https://en.wikipedia.org/wiki/Winnipeg}
}

@online{url9c99b318,
    url = {https://en.wikipedia.org/wiki/Hyperimmune}
}

@online{url4b3994d3,
    url = {https://en.wikipedia.org/wiki/Wikipedia:WikiProject_Disambiguation/Fixing_links}
}

@online{urla8fba540,
    url = {https://en.wikipedia.org/wiki/Smallpox}
}

@online{url6ad7c941,
    url = {https://en.wikipedia.org/wiki/Hepatitis_B}
}

@online{urla72f9b40,
    url = {https://en.wikipedia.org/wiki/Anthrax}
}

@online{urlf68ea1c4,
    url = {https://en.wikipedia.org/wiki/Emergent_BioSolutions}
}

@online{url86f6884e,
    url = {https://en.wikipedia.org/wiki/Rockville,_Maryland}
}

@online{url7b6bacee,
    url = {https://archive.is/3FbAx}
}

@online{url0a876677,
    url = {https://raypeatforum.com/cdn-cgi/l/email-protection}
}

@online{url627233fd,
    url = {https://www.lareb.nl/coronameldingen}
}

@online{url4408e118,
    url = {https://www.bbc.com/news/amp/world-latin-america-54634518}
}

@online{urle07c6a60,
    url = {https://twitter.com/CDCDirector/status/1408116464683569157?s=20}
}

@online{url5ade925f,
    url = {https://www.ahajournals.org/doi/full/10.1161/circulationaha.108.766022}
}

@online{url6b93bdb1,
    url = {https://ivmmeta.com/}
}

@online{urlc84c9a6e,
    url = {https://cf5e727d-d02d-4d71-89ff-9fe2d3ad957f.filesusr.com/ugd/adf864_a6420942982e4d8795949af93e44f57d.pdf}
}

@online{url92592eed,
    url = {https://anthonycolpo.com/reader-mail-covid-vaccine-risks-and-covid-19s-true-fatality-rate/}
}

@online{urlc5e03568,
    url = {https://pubs.acs.org/doi/10.1021/acsinfecdis.1c00096}
}

@online{url27847635,
    url = {https://37b32f5a-6ed9-4d6d-b3e1-5ec648ad9ed9.filesusr.com/ugd/28d8fe_266039aeb27a4465988c37adec9cd1dc.pdf}
}

@online{urlbe5fd959,
    url = {https://twitter.com/mikhail86439176/status/1412856891924008961}
}

@online{url9a34ade9,
    url = {https://www.youtube.com/watch?v=QxsdHJuvyck&t=1031s}
}

@online{urlb3f85282,
    url = {https://www.bitchute.com/video/6CwPxp9kTYWH/?list=notifications&randomize=false}
}

@online{urlaa0f6896,
    url = {https://www.bitchute.com/video/jcHdTjNelsvZ/}
}

@online{url642dc6ac,
    url = {http://dx.doi.org/10.1038/s41556-021-00724-8}
}

@online{url34e49022,
    url = {https://phys.org/news/2021-08-memory-neuronal-mitochondrial-stress-descendants.html}
}

@online{urlbf624132,
    url = {https://pubmed.ncbi.nlm.nih.gov/34238308/}
}

@online{url0af13dce,
    url = {https://youtu.be/YLd3INgsHhE}
}

@online{urle4498b76,
    url = {https://www.generalsurgerynews.com/In-the-News/Article/07-21/Aspirin-Reduces-the-Need-for-Mechanical-Ventilation-by-Nearly-Half-For-COVID-19-Patients/64048}
}

@online{urledccf72b,
    url = {https://raypeatforum.com/community/threads/vitamin-d-levels-appear-to-play-role-in-covid-19-mortality-rates.34434/}
}

@online{url53eaa8db,
    url = {https://thewatchtowers.org/wp-content/uploads/2021/03/cf898293a7.jpg}
}

@online{urle75f66d1,
    url = {https://journals.lww.com/anesthesia-analgesia/fulltext/2021/04000/aspirin_use_is_associated_with_decreased.2.aspx}
}

@online{url7243d0b8,
    url = {https://www.ons.gov.uk/peoplepopulationandcommunity/healthandsocialcare/conditionsanddiseases/articles/coronaviruscovid19/latestinsights}
}

@online{url6cdd0fa4,
    url = {https://www.pnas.org/content/pnas/111/36/13010.full.pdf}
}

@online{url215f6341,
    url = {https://science.sciencemag.org/content/373/6556/808}
}

@online{url2c2962c1,
    url = {https://www.sciencemag.org/news/2021/08/little-kids-burn-so-much-energy-they-re-different-species-study-finds}
}

@online{urlee8330d6,
    url = {https://m.youtube.com/watch?t=7094&v=De0fXmRnunU&feature=youtu.be}
}

@online{url7e6a9483,
    url = {https://pubmed.ncbi.nlm.nih.gov/34433964/}
}

@online{url2be471fe,
    url = {https://www.cell.com/cell-metabolism/fulltext/S1550-4131(21)00365-X}
}

@online{url6a3a4652,
    url = {https://www.the-scientist.com/news-opinion/fat-cells-send-mitochondrial-distress-signals-to-the-heart-69110}
}

@online{urlb1701a83,
    url = {https://diabetes.diabetesjournals.org/content/69/3/313.long}
}

@online{urlb8079353,
    url = {https://archive.is/gLP9E}
}

@online{url52760ad1,
    url = {https://www.acog.org/Clinical-Guidance-and-Publications/Practice-Bulletins/Committee-on-Practice-Bulletins-Gynecology/Early-Pregnancy-Loss}
}

@online{urlf33f23b1,
    url = {https://obgyn.onlinelibrary.wiley.com/doi/full/10.1111/j.1471-0528.2006.01193.x}
}

@online{url94180a47,
    url = {https://www.ncbi.nlm.nih.gov/pubmed/18310375}
}

@online{urle989fc0a,
    url = {https://www.fda.gov/media/134922/download}
}

@online{url3f6e96a6,
    url = {https://www.cdc.gov/vaccines/covid-19/health-departments/breakthrough-cases.html}
}

@online{url54ae334a,
    url = {https://www.hpsc.ie/a-z/respiratory/coronavirus/novelcoronavirus/guidance/outbreakmanagementguidance/PCR weak results guidance.pdf}
}

@online{url37871284,
    url = {https://archive.vn/jiIVR}
}

@online{url82742af9,
    url = {https://archive.vn/Cexxc}
}

@online{url730c4ec0,
    url = {https://archive.vn/lDNt0}
}

@online{url471257ea,
    url = {https://www.bitchute.com/video/kOHsJTGOmcXC/}
}

@online{urlf45fb90c,
    url = {https://twitter.com/andrewbostom/status/1439054693683060740?s=19}
}

@online{url0afaad32,
    url = {https://www.nejm.org/doi/full/10.1056/NEJMoa2104983}
}

@online{url2c25b3a6,
    url = {https://www.thelastamericanvagabond.com/wp-content/uploads/2021/10/21-11-Brock-Thornley.pdf}
}

@online{url7526dd5e,
    url = {https://www.riotimesonline.com/brazil-news/modern-day-censorship/shocking-revelations-in-hidden-pfizer-vaccine-studies-nearly-100-death-rate-among-unborn-children-in-pregnant-women/}
}

@online{url90cdbbb1,
    url = {https://twitter.com/beverleyturner/status/1510531230218993666}
}

@online{urla938b7b5,
    url = {https://twitter.com/DowdEdward/status/1520111495312396288?t=CfVFK1VjpFry7KObhqmoIA&s=19}
}

@online{urlc060e305,
    url = {https://twitter.com/JeansBama/status/1520420189149487105?t=AKoIDTZ9N2NclCVTPoSIqw&s=19}
}

@online{url97c970d4,
    url = {https://raypeatforum.com/community/threads/reddit-thread-on-megacorp.44032/}
}

@online{url1df79247,
    url = {https://raypeatforum.com/community/attachments/41263/}
}

@online{urla2de0842,
    url = {https://twitter.com/profnfenton/status/1649756156179488768}
}

@online{urle965d20a,
    url = {https://doi.org/10.1101/2021.07.13.449251}
}

@online{urlf98adcdf,
    url = {https://www.news-medical.net/news/20210715/Water-soluble-vitamin-E-compounds-directly-inhibit-SARS-CoV-2-replication-and-synergize-with-remdesivir.aspx}
}

@online{urld639bf9e,
    url = {https://www.news-medical.net/health/What-Does-Efficacy-Mean.aspx}
}

@online{url44c5a0ec,
    url = {https://pubchem.ncbi.nlm.nih.gov/compound/Vitamin-e-succinate}
}

@online{url9e0df461,
    url = {https://www.ncbi.nlm.nih.gov/pmc/articles/PMC7250771/}
}

@online{url16e339d5,
    url = {https://web.archive.org/web/20140222054542/https://enerex.ca/en/articles/new-old-findings-on-unique-vitamin-e}
}

@online{url0a202b79,
    url = {https://lymephotos.com/}
}

@online{url93a174fe,
    url = {https://raypeatforum.com/community/threads/is-supplementing-vit-e-actually-bad-for-you.22626/page-3}
}

@online{url978537fa,
    url = {https://www.caymanchem.com/product/89630}
}

@online{url81acfefd,
    url = {http://www.doctoryourself.com/shute_protocol.html}
}

@online{urlfd6aecb4,
    url = {https://www.amazon.co.uk/dp/B086WNGXW1?tag=}
}

@online{urla7eb43e3,
    url = {https://cosmetics.specialchem.com/selectors/s-excelvite}
}

@online{urld5f2ca87,
    url = {https://raypeatforum.com/community/attachments/27195/}
}

@online{url82602b0f,
    url = {https://metager.org/meta/meta.ger3?eingabe=ultimate+gamma}
}

@online{urle734be7d,
    url = {https://www.google.com/search?q=ultimate+gamma&sxsrf=AOaemvID3LEATbsfii7OSSqKIFsWxgo5Cw:1630306558126&source=hp&ei=_oAsYe7YBIyTr7wPq4au4Ac&iflsig=ALs-wAMAAAAAYSyPDlNTGjyox1PLxDrNitcp4bBikRYc&oq=ultimate+gamma&gs_lcp=Cgdnd3Mtd2l6EAMyBggAEBYQHjIGCAAQFhAeMgYIABAWEB4yBggAEBYQHjIGCAAQFhAeMgYIABAWEB4yBggAEBYQHjoFCAAQgAQ6CAgAEIAEELEDOgsIABCABBCxAxCDAToICC4QgAQQsQM6DggAEIAEELEDEIMBEMkDOgUIABCSAzoLCC4QgAQQsQMQgwE6CAgAELEDEIMBOggILhCxAxCDAToFCC4QgAQ6BAgAEApQgQZYrhdgqBloAHAAeACAAYMDiAGxG5IBBzAuNC43LjOYAQCgAQE&sclient=gws-wiz&ved=0ahUKEwjuz5OaldjyAhWMyYsBHSuDC3wQ4dUDCAg&uact=5}
}

@online{url24123b8b,
    url = {https://thedrardisshow.com}
}

@online{urlbc9e1574,
    url = {https://www.jwatch.org/jd199911010000007/1999/11/01/antimicrobial-activity-lidocaine}
}

@online{urlca250f50,
    url = {https://www.youtube.com/watch?v=dLSSEfyae1U}
}

@online{url02ed79ed,
    url = {https://raypeatforum.com/community/threads/the-root-cause-of-all-inflammation.43155/}
}

@online{url51333d9e,
    url = {https://en.wikipedia.org/wiki/Respiratory_burst}
}

@online{url086edff6,
    url = {https://www.nature.com/articles/s41598-020-75571-y}
}

@online{url17a2d453,
    url = {https://raypeatforum.com/community/threads/gcmaf-nagalase-autism-and-cancer-cure-what-is-the-story.26817/}
}

@online{urla1e5e55b,
    url = {https://en.wikipedia.org/wiki/NADPH_oxidase}
}

@online{urlfc80790a,
    url = {https://en.wikipedia.org/wiki/NOX2}
}

@online{url1d540436,
    url = {https://en.wikipedia.org/wiki/Substrate_(chemistry)}
}

@online{url3eda0a51,
    url = {https://en.wikipedia.org/wiki/Reducing_agent}
}

@online{url177a0f06,
    url = {https://en.wikipedia.org/wiki/Glycogen}
}

@online{url25fd3756,
    url = {https://en.wikipedia.org/wiki/Pentose_phosphate_pathway}
}

@online{url7c43a0d0,
    url = {https://www.testing.com/tests/lactate-dehydrogenase-ld/}
}

@online{url720c9d19,
    url = {https://pubmed.ncbi.nlm.nih.gov/33074237/}
}

@online{url4959ca47,
    url = {https://www.businesswire.com/news/home/20210819005818/en/New-Research-from-Burke-Neurological-Institute-Suggests-Raising-Vitamin-B1-Levels-May-Provide-Novel-Treatment-for-Alzheimer’s-Disease}
}

@online{url66fb4f59,
    url = {https://cts.businesswire.com/ct/CT?id=smartlink&url=https://burke.weill.cornell.edu/&esheet=52479809&newsitemid=20210819005818&lan=en-US&anchor=Burke+Neurological+Institute&index=1&md5=867917248e2271a43a5a99164a5f57a9}
}

@online{url239cd09d,
    url = {https://cts.businesswire.com/ct/CT?id=smartlink&url=https://www.j-alz.com/vol78-3&esheet=52479809&newsitemid=20210819005818&lan=en-US&anchor=Journal+of+Alzheimer's+Disease&index=2&md5=8e5c62dca37dd6488770c34d19aa34d5}
}

@online{url02ce9537,
    url = {https://www.hormonesmatter.com/dementia-thiamine-deficiency/}
}

@online{url2d19d55f,
    url = {https://www.ncbi.nlm.nih.gov/pmc/articles/PMC4828997/}
}

@online{url88d14a8f,
    url = {https://casereports.bmj.com/content/2018/bcr-2017-223945.full}
}

@online{url66bc3c38,
    url = {https://www.hindawi.com/journals/crinm/2018/3901619/}
}

@online{url31bb74df,
    url = {https://highdosethiamine.org/}
}

@online{urlb7e9e315,
    url = {https://pubmed.ncbi.nlm.nih.gov/18549472/}
}

@online{url7cba01bd,
    url = {https://onlinelibrary.wiley.com/doi/10.1111/j.1471-4159.2010.06919.x}
}

@online{urlc343f019,
    url = {http://raypeat.com/articles/articles/dark-side-of-stress-learned-helplessness.shtml}
}

@online{url07d60b24,
    url = {http://www.idealabsdc.com/lab}
}

@online{urlbb79b3ed,
    url = {https://patents.google.com/patent/US10478505}
}

@online{url831f17e0,
    url = {https://en.wikipedia.org/wiki/Nuclear_receptor}
}

@online{urlc4dac510,
    url = {https://en.wikipedia.org/wiki/Progesterone_receptor}
}

@online{urldaa6dc9e,
    url = {https://en.wikipedia.org/wiki/5α-dihydroprogesterone}
}

@online{url7e357eda,
    url = {https://en.wikipedia.org/wiki/Agonist}
}

@online{url17d9b8df,
    url = {https://www.selleckchem.com/products/allopregnanolone.html}
}

@online{url29813hs2,
    url = {https://techtransfer.universityofcalifornia.edu/NCD/23880.html}
}

@online{url986ce4bb,
    url = {https://www.sciencedirect.com/science/article/abs/pii/S0306452215000743?via=ihub}
}

@online{url9f3c94fc,
    url = {https://medicalxpress.com/news/2020-01-dormant-dopaminergic-neurons-reverse-parkinson.html}
}

@online{url71ed863e,
    url = {https://raypeatforum.com/community/threads/5a-dhp-liquid-5a-dihydroprogesterone-for-lab-r-d.13743/post-356996}
}

@online{url7a5f7317,
    url = {https://twitter.com/puretechh/status/1536829093689233408?s=61&t=HmThipZAJNdvFNSm3IpxHg}
}

@online{url219916be,
    url = {https://news.puretechhealth.com/news-releases/news-release-details/puretech-advance-lyt-300-oral-allopregnanolone-potential}
}

@online{urlbc1f68d0,
    url = {https://pubmed.ncbi.nlm.nih.gov/36614002/}
}

@online{urlf3a8a6f7,
    url = {https://pubmed.ncbi.nlm.nih.gov/37153033/}
}

@online{url9dca9ba3,
    url = {https://pubmed.ncbi.nlm.nih.gov/33841333/}
}

@online{urle24fbe6b,
    url = {https://pubmed.ncbi.nlm.nih.gov/35563388/}
}

@online{urleb477689,
    url = {https://pubmed.ncbi.nlm.nih.gov/28119080/}
}

@online{urldfbb7bdb,
    url = {https://pubmed.ncbi.nlm.nih.gov/32730775/}
}

@online{url28b8ba08,
    url = {https://pubmed.ncbi.nlm.nih.gov/35741094/}
}

@online{url064ccea2,
    url = {https://www.ncbi.nlm.nih.gov/pmc/articles/PMC7744018/}
}

@online{urlac668c0b,
    url = {https://raypeatforum.com/community/attachments/56927/}
}

@online{url59f67cb5,
    url = {https://www.independent.co.uk/news/health/pneumonia-deaths-hospitals-nhs-england-northwest-b1766493.html}
}

@online{urlc3954900,
    url = {https://statistics.blf.org.uk/pneumonia}
}

@online{urld6c8ea5f,
    url = {https://www.google.com/url?sa=t&rct=j&q=&esrc=s&source=web&cd=&cad=rja&uact=8&ved=2ahUKEwiks_P2oYPxAhVU5-AKHeVtDMwQFjABegQIAxAD&url=https://www.ageing-better.org.uk/sites/default/files/2019-03/The-state-of-ageing.pdf&usg=AOvVaw24bqlK2WHlrEMkj45Da6KI}
}

@online{url294ba638,
    url = {https://www.youtube.com/embed/s-dqiRr-o5A?version=3&rel=1&showsearch=0&showinfo=1&iv_load_policy=1&fs=1&hl=en-US&autohide=2&wmode=transparent}
}

@online{urlfe5ff6ee,
    url = {https://pharmaceutical-journal.com/article/news/supplies-of-sedative-used-for-covid-19-patients-diverted-from-france-to-avoid-potential-shortages}
}

@online{urlf5a944aa,
    url = {http://www.wales.nhs.uk/sites3/documents/753/Sedation guidelines for intensive care - approved.pdf}
}

@online{url24a38d25,
    url = {https://dailyexpose.co.uk/2021/04/01/do-not-resuscitate-scandal-led-to-disabled-people-accounting-for-3-in-5-covid-deaths-according-to-ons-figures/}
}

@online{urlb6ef2b94,
    url = {https://www.nature.com/articles/s41418-021-00840-w}
}

@online{url50d57528,
    url = {https://www.drugtargetreview.com/news/96084/lung-fibrosis-in-mice-successfully-reversed-by-scientists/}
}

@online{url0276d5aa,
    url = {https://www.nature.com/articles/s41598-021-96152-7}
}

@online{url7ae4578d,
    url = {https://www.nature.com/articles/srep15561}
}

@online{urlc994bb77,
    url = {https://mpkb.org/home/protocol}
}

@online{url0a809faa,
    url = {https://mpkb.org/home/mp/olmesartan/dosing}
}

@online{url91238g0h,
    url = {https://raypeatforum.com/community/threads/pre-existing-covid-19-immunity-in-20-50-of-people-better-than-vaccines.37129/}
}

@online{url79fcf71d,
    url = {https://mpkb.org/home/pathogenesis/vitamind/metabolism}
}

@online{url4d78ddbf,
    url = {https://mpkb.org/home/alternate/autoimmunity}
}

@online{urlf6ffbe5a,
    url = {https://www.medrxiv.org/content/10.1101/2021.08.24.21262415v1}
}

@online{urlc761d747,
    url = {https://www.ncbi.nlm.nih.gov/pmc/articles/PMC2851497/}
}

@online{url35577f1c,
    url = {https://immunology.sciencemag.org/content/2/14/eaan5393/tab-pdf}
}

@online{urla615f645,
    url = {https://nclalegal.org/category/covid-19/}
}

@online{url7ef4aba4,
    url = {https://nclalegal.org/category/press-releases/}
}

@online{urlcdd0aeca,
    url = {https://msu.edu/together-we-will/directives.html}
}

@online{urlfff4a72b,
    url = {https://nclalegal.org/wp-content/uploads/2021/08/Norris-v.-Stanley-Complaint.pdf}
}

@online{url68d54037,
    url = {https://nclalegal.org/wp-content/uploads/2021/08/Norris-v.-Stanley-PI-Motion.pdf}
}

@online{urlbc8b710f,
    url = {https://rumble.com/vls2cq-ep-023-natural-immunity-stronger-than-vaccine-alone.html}
}

@online{url989c1f9b,
    url = {https://www.pfizer.com/people/leadership/board-of-directors/scott_gottlieb-md}
}

@online{url73adc66a,
    url = {https://www.theepochtimes.com/t-covid-19}
}

@online{url41f3896c,
    url = {http://doi.org/10.1016/j.nut.2021.111394}
}

@online{url6bc37c83,
    url = {https://medicaldialogues.in/diet-nutrition/news/foods-rich-in-saturated-fatty-acids-and-high-protein-linked-to-better-thyroid-function-study-81513}
}

@online{urlacb4cbed,
    url = {https://www.yahoo.com/lifestyle/much-alcohol-increases-risk-heart-193745826.html}
}

@online{url1d7febc1,
    url = {https://www.welt.de/politik/deutschland/plus233426581/Corona-bei-80-Prozent-der-offizialen-Covid-Toten-wohl-nicht-Todesursache.html?icid=search.product.onsitesearch}
}

@online{urlef1e5128,
    url = {https://translate.google.com/translate?sl=de&tl=en&u=https://www.welt.de/politik/deutschland/plus233426581/Corona-bei-80-Prozent-der-offizialen-Covid-Toten-wohl-nicht-Todesursache.html?icid=search.product.onsitesearch}
}

@online{urla83cc738,
    url = {https://pubmed.ncbi.nlm.nih.gov/28179152/}
}

@online{url1c4b7727,
    url = {https://raypeatforum.com/community/threads/palmitic-acid-is-androgen-agonist-increases-androgen-synthesis-decreases-cortisol.15844/}
}

@online{urlab8ad321,
    url = {https://www.ncbi.nlm.nih.gov/pmc/articles/PMC7323835/}
}

@online{urld56589ea,
    url = {http://cancerimmunolres.aacrjournals.org/content/early/2019/05/14/2326-6066.CIR-18-0657.full-text.pdf}
}

@online{urle93abb24,
    url = {https://www.clinicaltrials.gov/ct2/show/NCT03450018?term=SLC-0111&draw=2&rank=1}
}

@online{urlaa0d74cf,
    url = {http://dx.doi.org/10.1158/1538-7445.AM2021-2015}
}

@online{urldc66d015,
    url = {https://www.walesonline.co.uk/news/uk-news/cancer-treatment-breakthrough-scientists-discover-21427402}
}

@online{url29efbba9,
    url = {https://journals.tubitak.gov.tr/chem/issues/kim-14-38-5/kim-38-5-20-1403-5.pdf}
}

@online{url08c4c526,
    url = {https://www.sciencedirect.com/science/article/abs/pii/S0304383597003406}
}

@online{url1fcd1ce8,
    url = {https://raypeatforum.com/community/posts/687759/}
}

@online{url57763515,
    url = {https://raypeatforum.com/community/posts/570430}
}

@online{urlf623ed24,
    url = {https://en.wikipedia.org/wiki/Larazotide}
}

@online{url52331cb3,
    url = {https://raypeatforum.com/community/threads/endotoxin-behind-the-mortality-of-black-death-and-1918-flu-pandemics.39384/}
}

@online{url96da6387,
    url = {https://www.webmd.com/mental-health/news/20180508/doctors-suicide-rate-highest-of-any-profession}
}

@online{url984a86c4,
    url = {https://www.cell.com/med/fulltext/S2666-6340(21)00162-8}
}

@online{url3612179b,
    url = {https://www.sciencetimes.com/articles/33300/20210907/gut-bacteria-imbalance-affects-joint-inflammation-intestinal-wall-potential-link-rheumatoid-arthritis-microbiome.htm}
}

@online{url595e1fd9,
    url = {https://newatlas.com/health-wellbeing/rheumatoid-arthritis-leaky-gut-bacteria-microbiome/}
}

@online{url0a5b1e96,
    url = {https://vaccinepapers.org/wp-content/uploads/Taurine-inflammation.pdf}
}

@online{url6d093f12,
    url = {https://www.sciencedirect.com/topics/medicine-and-dentistry/flavonol}
}

@online{url3b7590f4,
    url = {https://www.science.org/doi/10.1126/scitranslmed.abc8188}
}

@online{url23ad7179,
    url = {https://www.karger.com/Article/Abstract/516031}
}

@online{urlbe6ec3ad,
    url = {https://www.babygaga.com/babies-withdrawal-prenatal-exposure-antidepressants-/}
}

@online{url0fa1529d,
    url = {https://www.madinamerica.com/2021/09/newborn-babies-go-antidepressant-withdrawal/}
}

@online{url14720f8c,
    url = {https://www.babygaga.com/treatment-aerosol-surfactants-premature-babies-respiratory-distress-syndrome/}
}

@online{urla50d67d0,
    url = {https://www.frontiersin.org/articles/10.3389/fncel.2013.00063/full}
}

@online{urleb826e26,
    url = {https://www.pnas.org/content/118/34/e2024358118}
}

@online{urld10d523c,
    url = {https://niacincurescovid.com/}
}

@online{url7641808c,
    url = {https://www.evolutamente.it/covid-19-pneumonia-inflammasomes-the-melatonin-connection/}
}

@online{url6dc7f8a4,
    url = {https://www.hormonesmatter.com/?s=covid}
}

@online{url34a9a5dc,
    url = {https://lifegivingstore.com/ray-peat-on-vitamin-b1-thiamine/}
}

@online{urlea09250a,
    url = {https://www.youtube.com/channel/UCFqXidfUsI0vm73xsBMIQdQ}
}

@online{url1d403995,
    url = {https://www.hormonesmatter.com/}
}

@online{url97190e16,
    url = {https://www.youtube.com/watch?v=BkKmiZkiEPI}
}

@online{url183f2605,
    url = {https://www.pureformulas.com/bcomplex-plus-120-vegetable-capsules-by-pure-encapsulations.html}
}

@online{url4ed3bff2,
    url = {https://www.ncbi.nlm.nih.gov/books/NBK470344/}
}

@online{url10561036,
    url = {https://highdosethiamine.files.wordpress.com/2018/07/fibromyalgia-bmj-3.pdf}
}

@online{urla7b0ca42,
    url = {https://www.ultimaedizione.eu/videos-parkinsons-patients-treatment/}
}

@online{urld3baf480,
    url = {https://www.hormonesmatter.com/?s=thiamine}
}

@online{url5799b88b,
    url = {https://www.hormonesmatter.com/thiamine-deficiency-causes-intracellular-potassium-wasting/}
}

@online{url9bb930bf,
    url = {https://raypeatforum.com/community/threads/acetazolamide-and-thiamine-combination-lowers-cortisol.6825/}
}

@online{url1300c456,
    url = {https://duckduckgo.com/?t=ffsb&q=dental+work+metal+toxins&ia=web}
}

@online{urle5e7d1d0,
    url = {https://highdosethiamine.org/frequently-asked-questions-about-hdt/}
}

@online{urlbc8836a2,
    url = {https://www.sciencedirect.com/book/9780128103876/thiamine-deficiency-disease-dysautonomia-and-high-calorie-malnutrition}
}

@online{urle65e4b17,
    url = {https://www.hormonesmatter.com/author/derrick-lonsdale/}
}

@online{url98f65b80,
    url = {http://orthomolecular.org/history/index.shtml}
}

@online{urlc0a1dd8b,
    url = {https://www.hormonesmatter.com/himalayan-salt-lead-poisoning-global-scale/}
}

@online{url0fec7402,
    url = {https://www.frontiersin.org/articles/10.3389/fphar.2020.598128/full}
}

@online{urlb27a3093,
    url = {https://covid19criticalcare.com/wp-content/uploads/2020/12/MATH-plus-Rationale-Journal-of-Intensive-Care-Medicine-Dec2020.pdf}
}

@online{urlfa2013e7,
    url = {https://www.hormonesmatter.com/bactrim-an-anti-folate-anti-thiamine-potassium-altering-drug/}
}

@online{url2b1cd1bc,
    url = {https://www.youtube.com/watch?v=5Cjo9YwMkTg}
}

@online{urlea9b2ebe,
    url = {https://www.hormonesmatter.com/depression-anxiety-chronically-hypoxic-brain/}
}

@online{url794b0eb6,
    url = {https://www.hormonesmatter.com/?s=anxiety}
}

@online{urlaaf10897,
    url = {https://en.wikipedia.org/wiki/Cystatin_C}
}

@online{url233b07dd,
    url = {https://raypeatforum.com/community/threads/covid-long-hauler-for-7-months-need-help.42632/}
}

@online{url7b0eee94,
    url = {https://www.hormonesmatter.com/?s=covid+and+thiamine}
}

@online{urldb4c8782,
    url = {https://www.youtube.com/watch?v=mG3m3tbEGU0}
}

@online{url1f537da1,
    url = {https://www.functionalps.com/blog/2012/03/20/ray-peat-phd-on-therapeutic-effect-of-niacinamide/}
}

@online{url76b40763,
    url = {https://www.toxinless.com/peat/search}
}

@online{url129a566e,
    url = {https://www.bioenergetic.life/}
}

@online{url0c77a0ed,
    url = {https://www.lewrockwell.com/2021/08/bill-sardi/the-pandemic-within-a-pandemic/}
}

@online{urlc4ff1048,
    url = {https://ods.od.nih.gov/factsheets/Thiamin-HealthProfessional/}
}

@online{urla79ac2d9,
    url = {https://www.heart.org/en/news/2020/07/01/covid-19-pandemic-brings-new-concerns-about-excessive-drinking}
}

@online{urlf2a16794,
    url = {https://rebelem.com/should-you-prescribe-oral-thiamine-for-chronic-alcoholics/}
}

@online{url2d75297a,
    url = {https://www.lewrockwell.com/2011/12/bill-sardi/do-you-have-beri-beri/}
}

@online{url92bbea5a,
    url = {https://www.ncbi.nlm.nih.gov/pubmed/2047458}
}

@online{urlba8072a8,
    url = {https://www.ncbi.nlm.nih.gov/pubmed/21130821}
}

@online{urlbf3aa501,
    url = {https://www.ncbi.nlm.nih.gov/pubmed/485004}
}

@online{url9d9f1c75,
    url = {https://www.ncbi.nlm.nih.gov/pubmed/16384871}
}

@online{url77982d30,
    url = {https://www.ncbi.nlm.nih.gov/pubmed/11899071}
}

@online{url3f6fcd74,
    url = {https://www.ncbi.nlm.nih.gov/pubmed/20773}
}

@online{urldb05c31e,
    url = {https://www.ncbi.nlm.nih.gov/pubmed/16035180}
}

@online{urlb050c4a0,
    url = {https://knowledgeofhealth.com/not-first-time-vitamin-deficiency-was-confused-viral-epidemic/}
}

@online{url33b54145,
    url = {https://www.ncbi.nlm.nih.gov/pubmed/19233513}
}

@online{url27418903,
    url = {https://www.ncbi.nlm.nih.gov/pubmed/19934228}
}

@online{urld76b1216,
    url = {https://www.ncbi.nlm.nih.gov/pubmed/2188373}
}

@online{url4f4b14f5,
    url = {https://www.ncbi.nlm.nih.gov/pubmed/19950117}
}

@online{url46ffdf3f,
    url = {https://www.ncbi.nlm.nih.gov/pubmed/18725598}
}

@online{url70d3acaa,
    url = {https://www.ncbi.nlm.nih.gov/pubmed/19830009}
}

@online{urle1e1bb65,
    url = {https://www.ncbi.nlm.nih.gov/pubmed/15705205}
}

@online{url84e8d1bd,
    url = {https://www.ncbi.nlm.nih.gov/pubmed/5846361}
}

@online{urlf7b823ac,
    url = {https://www.ncbi.nlm.nih.gov/pubmed/15824226}
}

@online{urlbdce3857,
    url = {https://www.ncbi.nlm.nih.gov/pubmed/19571254}
}

@online{urlc1424001,
    url = {https://www.ncbi.nlm.nih.gov/pubmed/16925799}
}

@online{url94f3f89d,
    url = {https://www.ncbi.nlm.nih.gov/pubmed/18440777}
}

@online{urlf7f3db65,
    url = {https://www.ncbi.nlm.nih.gov/pubmed/15973508}
}

@online{urlc785e333,
    url = {https://www.ncbi.nlm.nih.gov/pubmed/7699385}
}

@online{url9096d441,
    url = {https://www.ncbi.nlm.nih.gov/pubmed/20384190}
}

@online{url82abb5cb,
    url = {https://en.wikipedia.org/wiki/Aspergillus_niger}
}

@online{url5bb7d2d0,
    url = {https://www.ncbi.nlm.nih.gov/pmc/articles/PMC6097542/}
}

@online{url26a43ae3,
    url = {https://bul.kibrisdoktor.com/3913758-silicon-dioxide-effect-on-the-human-body-application-in-the-food-industry-food-emulsifier-e551}
}

@online{url082ad629,
    url = {https://en.wikipedia.org/wiki/Brain}
}

@online{url7548b2f1,
    url = {https://en.wikipedia.org/wiki/L-DOPA}
}

@online{urlf96b4741,
    url = {https://en.wikipedia.org/wiki/Enzyme}
}

@online{url7760944f,
    url = {https://en.wikipedia.org/wiki/Tyrosine_hydroxylase}
}

@online{urlacc50cde,
    url = {https://en.wikipedia.org/wiki/Rate-limiting_enzyme}
}

@online{urlf9875b56,
    url = {https://en.wikipedia.org/wiki/Neurotransmitter}
}

@online{url105b795e,
    url = {https://en.wikipedia.org/wiki/Dopamine}
}

@online{url33eea51a,
    url = {https://en.wikipedia.org/wiki/Catecholamine}
}

@online{url810670b1,
    url = {https://en.wikipedia.org/wiki/Norepinephrine}
}

@online{url6a518e24,
    url = {https://en.wikipedia.org/wiki/Epinephrine}
}

@online{url31539cc9,
    url = {https://en.wikipedia.org/wiki/Thyroid}
}

@online{url06b044ba,
    url = {https://en.wikipedia.org/wiki/Triiodothyronine}
}

@online{url9933489e,
    url = {https://en.wikipedia.org/wiki/Thyroxine}
}

@online{url2e2b30a1,
    url = {https://en.wikipedia.org/wiki/Colloid}
}

@online{urlb9e8b132,
    url = {https://www.youtube.com/watch?v=K3pbdqlW1MQ}
}

@online{url0e681a67,
    url = {https://doi.org/10.1089/end.2012.0092}
}

@online{urla7bcc531,
    url = {https://raypeatforum.com/community/attachments/26709/}
}

@online{urlbcaf517f,
    url = {https://raypeatforum.com/community/attachments/26708/}
}

@online{url1918f78f,
    url = {https://raypeatforum.com/community/attachments/26798/}
}

@online{url2add63b2,
    url = {https://raypeatforum.com/community/attachments/26799/}
}

@online{urlba70246d,
    url = {https://chemicalforum.webqc.org/viewtopic.php?f=10&t=20588&p=28780}
}

@online{urlc7f53280,
    url = {https://www.amazon.com/dp/1510762531?tag=rapef020-20}
}

@online{url273b742f,
    url = {https://www.amazon.com/Imagine-You-Are-Aluminum-Atom/dp/1510762531/ref=mp_s_a_1_1?dchild=1&keywords=exley+aluminum&qid=1629678295&sr=8-1}
}

@online{url1eb04c5b,
    url = {https://www.millersorganicfarm.com/Legal-Update_ep_77.html}
}

@online{url7d5ff3ca,
    url = {https://doi.org/10.1016/j.fbr.2016.11.001}
}

@online{urlc0e928c6,
    url = {https://www.frontiersin.org/articles/10.3389/fcimb.2021.725043/full}
}

@online{urlfca052d0,
    url = {https://raypeatforum.com/community/threads/copper-deficiency-in-humans.12393/post-541625}
}

@online{url6af50c08,
    url = {https://doi.org/10.1080/1040841X.2020.1828815}
}

@online{url24a0e25a,
    url = {https://doi.org/10.1080/21553769.2015.1033653}
}

@online{urlec822208,
    url = {http://www.ncbi.nlm.nih.gov/pubmed/17368752}
}

@online{url58f0a756,
    url = {https://pubmed.ncbi.nlm.nih.gov/28434127/}
}

@online{url67be2bc1,
    url = {https://fundingawards.nihr.ac.uk/award/NIHR201978}
}

@online{url5ef2b82e,
    url = {https://www.forbes.com/sites/roberthart/2021/09/29/vitamin-a-is-being-studied-in-the-uk-as-a-potential-treatment-to-covid-smell-loss/?sh=32e803546d6e}
}

@online{url88fb8aea,
    url = {https://www.uea.ac.uk/news/-/article/could-vitamin-a-bring-back-your-sense-of-smell-after-covid-}
}

@online{url6694829e,
    url = {https://chrismasterjohnphd.substack.com/p/a-new-paradigm-for-severe-covid}
}

@online{url5fd69dcb,
    url = {https://www.medrxiv.org/content/10.1101/2021.01.30.21250844v1}
}

@online{urlfd38e99b,
    url = {https://pubmed.ncbi.nlm.nih.gov/32514047/}
}

@online{url6f2ccec7,
    url = {https://pubmed.ncbi.nlm.nih.gov/24709559/}
}

@online{url9f1eb5c6,
    url = {https://www.ncbi.nlm.nih.gov/pmc/articles/PMC3662237/}
}

@online{url7ce01cd2,
    url = {http://dx.doi.org/10.1038/s41598-021-92744-5}
}

@online{urld8a20c40,
    url = {https://medicalxpress.com/news/2021-09-multiple-bacteria-contribute-bone-loss.html}
}

@online{url4b51d74f,
    url = {https://scholar.google.com/scholar?hl=en&as_sdt=0,39&q=ginger+lps+peridontitis}
}

@online{url23bb59c9,
    url = {https://scholar.google.com/scholar?hl=en&as_sdt=0,39&q=parsley+lps+periodontitis}
}

@online{urlf905dd03,
    url = {https://scholar.google.com/scholar?hl=en&as_sdt=0,39&q=xylitol+lps+periodontitis}
}

@online{urlaa9ed7c1,
    url = {https://www.youtube.com/watch?v=IMuMEBKi2_s}
}

@online{urlee5d060c,
    url = {https://heart.bmj.com/content/early/2021/08/27/heartjnl-2021-319346}
}

@online{url3874bffe,
    url = {https://www.brainyquote.com/authors/lou-holtz-quotes}
}

@online{url111ea5d3,
    url = {https://www.ahajournals.org/doi/10.1161/CIRCULATIONAHA.122.061173}
}

@online{url99f887fb,
    url = {https://medicalxpress.com/news/2021-09-alzheimer-drug-mitochondrial-function-muscles.html}
}

@online{url31796f97,
    url = {https://academic.oup.com/function/advance-article/doi/10.1093/function/zqab045/6362606}
}

@online{url7f13f1bd,
    url = {https://www.biorxiv.org/content/10.1101/2021.06.25.449905v1.full}
}

@online{url3522ba5e,
    url = {https://journals.physiology.org/doi/full/10.1152/ajpendo.00174.2021}
}

@online{url2e5de13a,
    url = {https://www.newswise.com/coronavirus/vitamin-d-and-lumisterol-emerge-as-cheap-and-easily-accessible-possible-treatments-for-covid-19/?article_id=757049}
}

@online{urld4e4313c,
    url = {https://www.physiology.org/journal/apsselect?utm_source=APSselect&utm_medium=PressRelease&utm_campaign=9.9.2021}
}

@online{url6a587bb6,
    url = {https://raypeatforum.com/community/threads/hypocalcemia-is-highly-prevalent-and-predicts-hospitalization-in-patients-with-covid-19.42463/}
}

@online{url50283741,
    url = {https://www.youtube.com/watch?v=WsCNZN3v2l0}
}

@online{url9116a726,
    url = {https://archives.simplelists.com/nfu/msg/17519290/}
}

@online{urlbab68f1d,
    url = {https://www.sciencedirect.com/science/article/pii/S0021925821010279}
}

@online{url53947721,
    url = {https://raypeatforum.com/community/attachments/29232/}
}

@online{url5c17b205,
    url = {https://dx.doi.org/10.1089/pho.2020.4956}
}

@online{url3ed2a3d6,
    url = {https://www.eurekalert.org/news-releases/931749}
}

@online{url48f2be67,
    url = {https://behavioralandbrainfunctions.biomedcentral.com/articles/10.1186/1744-9081-5-46}
}

@online{url6e121eec,
    url = {https://www.photonics.com/Articles/The_McCree_Curve_Demystified/a63340}
}

@online{url13a0b9d9,
    url = {https://raypeatforum.com/community/attachments/1635309036731-png.29464/}
}

@online{url5fc7c846,
    url = {https://raypeatforum.com/community/attachments/1635309781385-png.29465/}
}

@online{url7348fbb8,
    url = {https://dx.doi.org/10.1161.circulationaha.121.055654}
}

@online{urlbeb1fc01,
    url = {https://www.eurekalert.org/news-releases/930790}
}

@online{url8651de09,
    url = {https://www.sciencedirect.com/science/article/pii/S2211034815000061}
}

@online{url4d9a5b3b,
    url = {https://www.science.org/doi/10.1126/scitranslmed.abe7104}
}

@online{url88a229a8,
    url = {https://www.inverse.com/mind-body/vitamin-supplement-may-treat-an-incurable-brain-disease-study}
}

@online{url5ccf4e97,
    url = {https://www.inverse.com/mind-body/quarantini}
}

@online{url03e1f40b,
    url = {https://www.inverse.com/mind-body/diet-rich-in-beans-legumes-study}
}

@online{url6202e862,
    url = {https://www.cbm.uam.es/en/research/programs/physiological-and-pathological-processes/molecular-neuropathology/molecular-basis-of-huntington-s-disease-and-other-central-nervous-system-disorders}
}

@online{url9d6b9daf,
    url = {https://iskconnews.org/neurologists-study-shows-maha-mantra-could-help-anxiety-schizophrenia,5989/}
}

@online{urlaebb1e4e,
    url = {https://youtube.com/c/EONutrition}
}

@online{url7b83e797,
    url = {https://pubmed.ncbi.nlm.nih.gov/30529188/}
}

@online{url988088ce,
    url = {https://pubmed.ncbi.nlm.nih.gov/32699341/}
}

@online{url703fa70a,
    url = {https://pubmed.ncbi.nlm.nih.gov/33799389/}
}

@online{url865f7b9d,
    url = {https://raypeatforum.com/community/threads/ssri-drugs-decrease-androgens-progestogens-increase-estrogens.42555/}
}

@online{url6810a3e6,
    url = {https://pubmed.ncbi.nlm.nih.gov/34498184/}
}

@online{urldd5f4c70,
    url = {http://www.ourstolenfuture.org/basics/chemlist.htm}
}

@online{url12b32a57,
    url = {https://www.nature.com/articles/s41398-021-01539-9}
}

@online{urlaaab6ca0,
    url = {https://www.hopkinsmedicine.org/news/newsroom/news-releases/amyloid-beta-and-serotonin-may-be-keys-to-predicting-who-develops-late-life-depression?utm_source=miragenews&utm_medium=miragenews&utm_campaign=news}
}

@online{urla8f30d9d,
    url = {https://www.hopkinsmedicine.org/profiles/details/gwenn-smith}
}

@online{urlfdc68560,
    url = {https://news.harvard.edu/gazette/story/2000/02/researchers-switch-cancer-off-and-on-in-mice-2/}
}

@online{url05fe9cb5,
    url = {https://pubmed.ncbi.nlm.nih.gov/34300178/}
}

@online{urla2fe9431,
    url = {https://www.ncbi.nlm.nih.gov/pmc/articles/PMC8221809/}
}

@online{urlb3d28e55,
    url = {https://denvergazette.com/news/colin-powell-u-s-military-leader-and-first-black-secretary-of-state-dies/article_f3e237fa-1b46-595b-b069-a445f6de7b27.html}
}

@online{url59e9a3f2,
    url = {https://www.foxnews.com/health/colin-powell-covid-complications-vaccine-medical-experts}
}

@online{url8a24e031,
    url = {https://www.npr.org/2021/10/18/1046985320/colin-powell-dies-at-84-of-covid-19-complications}
}

@online{url80bb824b,
    url = {https://anti-empire.com/colin-powell-started-war-criminal-career-as-staff-officer-for-the-americal-division-covering-up-its-slaughters/}
}

@online{urld7a3b537,
    url = {https://anti-empire.com/tag/our-benevolent-empire/}
}

@online{urla507546b,
    url = {https://anti-empire.com/guest-author/robert_parry/}
}

@online{url84e6eec0,
    url = {https://consortiumnews.com/2021/10/18/behind-colin-powells-legend-my-lai/}
}

@online{urlea91145c,
    url = {https://www.washingtonpost.com/national-security/powell-last-interview-woodward/2021/10/18/96be4c1a-3049-11ec-9241-aad8e48f01ff_story.html}
}

@online{urlfc6ad8d2,
    url = {https://assets.publishing.service.gov.uk/government/uploads/system/uploads/attachment_data/file/1016465/Vaccine_surveillance_report_-_week_36.pdf}
}

@online{url0ee7432f,
    url = {https://assets.publishing.service.gov.uk/government/uploads/system/uploads/attachment_data/file/1018416/Vaccine_surveillance_report_-_week_37_v2.pdf}
}

@online{url33a74256,
    url = {https://assets.publishing.service.gov.uk/government/uploads/system/uploads/attachment_data/file/1019992/Vaccine_surveillance_report_-_week_38.pdf}
}

@online{urld3d18547,
    url = {https://assets.publishing.service.gov.uk/government/uploads/system/uploads/attachment_data/file/1022238/Vaccine_surveillance_report_-_week_39.pdf}
}

@online{urla8248370,
    url = {https://assets.publishing.service.gov.uk/government/uploads/system/uploads/attachment_data/file/1023849/Vaccine_surveillance_report_-_week_40.pdf}
}

@online{url361cd033,
    url = {https://assets.publishing.service.gov.uk/government/uploads/system/uploads/attachment_data/file/1025358/Vaccine-surveillance-report-week-41.pdf}
}

@online{urlcbc7285d,
    url = {https://raypeatforum.com/community/attachments/29142/}
}

@online{url521bb5e5,
    url = {https://childrenshealthdefense.org/defender/dr-patricia-lee-fda-cdc-vaccine-related-injuries/?utm_source=salsa&eType=EmailBlastContent&eId=c5156d28-8005-462f-b580-5c9ceba111f5}
}

@online{url16bf435c,
    url = {http://dx.doi.org/10.1021/acsptsci.1c00080}
}

@online{url4bdc57d0,
    url = {https://medicalxpress.com/news/2021-09-reveals-saline-solution-inhibit-replication.html}
}

@online{urlef8f5d86,
    url = {https://pubs.acs.org/doi/abs/10.1021/acs.jpclett.0c02602}
}

@online{url8b48742d,
    url = {https://www.amazon.com/dp/B0794HQ2YZ?tag=rapef020-20}
}

@online{url471ba049,
    url = {https://medicalxpress.com/tags/respiratory+diseases/}
}

@online{urla2dd968a,
    url = {https://medicalxpress.com/tags/cells/}
}

@online{url4936f6f0,
    url = {https://www.amazon.com/Natural-Solution-Himalayan-Inhaler-Crystal/dp/B0794HQ2YZ/ref=asc_df_B0794HQ2YZ?tag=bngsmtphsnus-20&linkCode=df0&hvadid=80814222102169&hvnetw=s&hvqmt=e&hvbmt=be&hvdev=m&hvlocint=&hvlocphy=&hvtargid=pla-4584413749709509&psc=1}
}

@online{urlf34a56d9,
    url = {https://youtu.be/dwJBBinb220}
}

@online{url04dc74a4,
    url = {https://myersdetox.com/myers-detox-podcast-297-chlorine-vs-salt-water-vs-ozone-and-oxygen-swimming-pool-disinfection-with-michael-geyer/}
}

@online{urld47252a5,
    url = {https://www.worldscientific.com/doi/abs/10.1142/S2529732521400058}
}

@online{urlc613172c,
    url = {https://www.whatisvinyl.com/}
}

@online{url68efb7b5,
    url = {https://en.wikipedia.org/wiki/Polyvinylpyrrolidone}
}

@online{urlb9116e06,
    url = {https://haz-map.com/Agents/8660}
}

@online{url51398aed,
    url = {https://archive.org/details/rapid-virus-recovery/page/11/mode/2up}
}

@online{url00836059,
    url = {https://raypeatforum.com/community/threads/the-credibility-of-this-forum-is-beings-undermined-by-conspiracy-theories.42638/page-6}
}

@online{urled203e32,
    url = {https://doi.org/10.1016/j.atherosclerosis.2013.10.032}
}

@online{urlfc8bd1ed,
    url = {https://en.wikipedia.org/wiki/Hypernatremia}
}

@online{urle6e3ca6a,
    url = {https://pubs.acs.org/doi/10.1021/acsptsci.1c00080}
}

@online{url1e7078e7,
    url = {https://www.ncbi.nlm.nih.gov/books/NBK565883/}
}

@online{url0ee29f0f,
    url = {https://tamararubin.com/2020/10/how-much-lead-is-in-salt-which-salt-is-safest-to-use-for-cooking-is-himalayan-salt-safe/}
}

@online{url3679f029,
    url = {https://www.amazon.com/dp/B006U41QN0?tag=rapef020-20}
}

@online{urlc59a732e,
    url = {https://www.amazon.com/Plant-Therapy-Himalayan-Inhaler-Crystal/dp/B006U41QN0/?_encoding=UTF8&pd_rd_w=qqfri&pf_rd_p=38316967-9a6c-4cf3-acd3-6269fd389669&pf_rd_r=J3BWVT56ZVYWD9Z5PRHH&pd_rd_r=c9fac7a8-d3cd-4bdd-829d-a611bdb6b004&pd_rd_wg=trWXw&ref_=pd_gw_ci_mcx_mr_hp_d}
}

@online{urlae6d2c4b,
    url = {https://redmond.life/pages/realsalt}
}

@online{urlae429389,
    url = {https://amzn.to/3odbuR5}
}

@online{url5610f206,
    url = {https://infraredsauna.com/salt-sauna-halotherapy-at-home/}
}

@online{url1824e64f,
    url = {https://www.salinetherapy.com/shop/}
}

@online{url660a1567,
    url = {https://rairfoundation.com/dire-prediction-proven-correct-woman-develops-deadly-prion-disease-after-covid-shot-video/}
}

@online{url81bab02e,
    url = {https://www.cnews.fr/emission/2021-10-13/lheure-des-pros-2-du-13102021-1137664}
}

@online{url13fc5b4a,
    url = {https://www.ncbi.nlm.nih.gov/pmc/articles/PMC8060506/}
}

@online{url856b1db8,
    url = {https://www.proliberty.com/observer/20040301.htm}
}

@online{urldd350dec,
    url = {https://www.teenink.com/nonfiction/academic/article/238529/Kuru-And-It039s-Effects-On-The-Fore-People-Of-Papua-New-Guinea}
}

@online{url66153360,
    url = {https://discovery.ucl.ac.uk/id/eprint/1318152/1/1318152.pdf}
}

@online{urlda402c54,
    url = {https://pubmed.ncbi.nlm.nih.gov/9277601/}
}

@online{url8cb66868,
    url = {https://pubmed.ncbi.nlm.nih.gov/3930630/}
}

@online{urldb098dae,
    url = {https://www.ncbi.nlm.nih.gov/pmc/articles/PMC1794316/}
}

@online{url819c8604,
    url = {https://www.researchgate.net/publication/236184256_The_French_surveillance_network_of_Creutzfeldt-Jakob_disease_Epidemiological_data_in_France_and_worldwide}
}

@online{url0e0e7bcd,
    url = {https://pubmed.ncbi.nlm.nih.gov/10811709/}
}

@online{url50d0aced,
    url = {https://www.eurosurveillance.org/content/10.2807/esm.08.01.00395-en}
}

@online{urle1deff06,
    url = {https://pubmed.ncbi.nlm.nih.gov/23587616/}
}

@online{urld2a4a4aa,
    url = {https://doi.org/10.1016/j.immuni.2021.09.010}
}

@online{url15c8f437,
    url = {https://www.news-medical.net/news/20211107/Research-shows-how-inflammatory-reactions-can-be-resolved-by-changes-to-metabolism-of-macrophages.aspx}
}

@online{url783563ba,
    url = {https://www.iltempo.it/attualita/2021/10/21/news/rapporto-iss-morti-covid-malattie-patologie-come-influenza-pandemia-disastro-mortalita-bechis-29134543/}
}

@online{urld6b0b18e,
    url = {https://dailysceptic.org/2021/11/03/italian-higher-institute-of-health-adjusts-number-of-deaths-due-to-covid-alone-since-february-2020-downwards-from-over-130000-to-under-4000/}
}

@online{url7d7b8023,
    url = {https://www.telegraph.co.uk/news/2021/05/14/scientists-admit-totalitarian-use-fear-control-behaviour-covid/}
}

@online{urle994adcb,
    url = {https://www.cdc.gov/nchs/nvss/vsrr/covid_weekly/index.htm}
}

@online{urlc65264ee,
    url = {https://raypeatforum.com/community/threads/in-canada-75-of-excess-deaths-were-due-to-lockdowns-not-covid-19.42269/}
}

@online{url4e577511,
    url = {https://time.com/4279691/hdl-cholesterol-drugs-heart/}
}

@online{url6e3f99dc,
    url = {https://en.wikipedia.org/wiki/Histone_deacetylase_inhibitor}
}

@online{urlfa95416a,
    url = {https://www.dovepress.com/bacterial-lipopolysaccharide-augmented-malignant-transformation-and-pr-peer-reviewed-fulltext-article-JIR}
}

@online{url689bc6b0,
    url = {https://raypeatforum.com/community/threads/serotonin-and-oxytocin-promote-gullibility-trainability-and-servility.40956/}
}

@online{urlb0d6b88b,
    url = {https://www.science.org/doi/10.1126/sciadv.abi6442}
}

@online{url24264b0e,
    url = {https://www.news-medical.net/news/20211106/Study-identifies-serotonin-as-a-possible-trigger-of-flare-ups-in-Crohns-disease.aspx}
}

@online{url76f23c20,
    url = {https://www.naturalnews.com/files/viruses-13-02056-v2.pdf}
}

@online{url476feb6f,
    url = {https://selfdecode.com/gene/htr3a/}
}

@online{urld02bbdb3,
    url = {https://selfdecode.com/gene/htr4/}
}

@online{url23359c52,
    url = {https://selfdecode.com/gene/htr7/}
}

@online{url7b9dc9e7,
    url = {http://www.history.com/topics/history-of-lsd}
}

@online{url2c05df3d,
    url = {http://www.history.com/topics/history-of-mdma}
}

@online{url5817ef6a,
    url = {http://www.history.com/topics/history-of-heroin-morphine-and-opiates}
}

@online{url7d0133d6,
    url = {http://www.history.com/topics/history-of-meth}
}

@online{urlc970d465,
    url = {https://selfdecode.com/disease/parkinsons-disease/}
}

@online{urld7482121,
    url = {https://selfdecode.com/gene/HTR6/}
}

@online{urlb4f88506,
    url = {https://selfdecode.com/gene/HTR2B/}
}

@online{url0d743b65,
    url = {https://selfdecode.com/gene/HTR1A/}
}

@online{urle40f350f,
    url = {https://selfdecode.com/gene/HTR2C/}
}

@online{url4ae962d9,
    url = {https://selfdecode.com/gene/HTR2A/}
}

@online{urlccde67f3,
    url = {https://selfdecode.com/gene/HTR7/}
}

@online{url65014766,
    url = {https://selfdecode.com/gene/HTR1D/}
}

@online{url124b7831,
    url = {https://selfdecode.com/gene/HTR3B/}
}

@online{url6df57abd,
    url = {https://selfdecode.com/gene/HTR5A/}
}

@online{url5fb974e6,
    url = {https://selfdecode.com/gene/HTR1B/}
}

@online{url8c06df51,
    url = {https://selfdecode.com/gene/HTR4/}
}

@online{url2cd83354,
    url = {https://twitter.com/PierreKory/status/1462623647156289539}
}

@online{urlf41aa515,
    url = {https://www.youtube.com/watch?v=9NXh-2oBYWI}
}

@online{urle72343f5,
    url = {https://news.naver.com/main/ranking/popularDay.naver}
}

@online{urla5019313,
    url = {https://n.news.naver.com/article/277/0005022800}
}

@online{urldffde250,
    url = {https://n.news.naver.com/article/277/0005022949}
}

@online{url75cea84f,
    url = {https://n.news.naver.com/article/005/0001495002}
}

@online{url1c67e178,
    url = {https://n.news.naver.com/article/469/0000649680}
}

@online{url4f7a619c,
    url = {https://n.news.naver.com/article/215/0001006340}
}

@online{url895a0890,
    url = {https://clinicaltrials.gov/ct2/show/NCT03797469}
}

@online{url881656ef,
    url = {https://jamanetwork.com/journals/jamaophthalmology/article-abstract/2786482?guestAccessKey=a5170445-6cfc-433b-9ef2-2710de69633c&utm_source=silverchair&utm_medium=email&utm_campaign=article_alert-jamaophthalmology&utm_content=olf&utm_term=111821}
}

@online{url0a226472,
    url = {https://medicaldialogues.in/ophthalmology/news/nicotinamide-and-pyruvate-help-improve-vision-in-glaucoma-patients-jama-84899}
}

@online{urlfa8eb692,
    url = {https://pubmed.ncbi.nlm.nih.gov/29847360}
}

@online{url64e23d15,
    url = {https://livertree.easl.eu/easl/2018/nafld-summit-2018/226712/makoto.nakamuta.nicotinamide.a.surtuin.modifier.ameliorates.hepatic.steatosis.html}
}

@online{urldbd7790b,
    url = {http://}
}

@online{urle8e25cf6,
    url = {https://www.ncbi.nlm.nih.gov/medgen/?term="Increased serum pyruvate"[Clinical Features] OR 376596[uid]}
}

@online{urlc3c2090a,
    url = {https://www.cell.com/cell-reports/fulltext/S2211-1247(14)00634-2}
}

@online{url59cd5b1f,
    url = {https://www.nature.com/articles/s41565-021-01000-4?utm_medium=affiliate&utm_source=commission_junction&utm_campaign=3_nsn6445_deeplink_PID100062364&utm_content=deeplink}
}

@online{urlda49c99c,
    url = {https://www.aninews.in/news/science/study-finds-cancer-cells-use-tiny-tentacles-to-suppress-immune-system20211118220356/}
}

@online{url7dcb4e72,
    url = {https://www.independent.co.uk/news/science/cancer-cells-mitcohondria-nanotubes-tentacles-b1961898.html}
}

@online{urld52dd43c,
    url = {https://pubmed.ncbi.nlm.nih.gov/32364243/}
}

@online{urlf34dfaec,
    url = {https://pubmed.ncbi.nlm.nih.gov/33971182/}
}

@online{url23e5d277,
    url = {https://selfhacked.com/blog/avoiding-sun-will-kill-14-proven-science-based-health-benefits-sun/}
}

@online{urlbcbfce7a,
    url = {https://selfhacked.com/blog/supplements-foods-exercise-right-type-th1-vs-th2-dominance/}
}

@online{url83b989e4,
    url = {https://selfhacked.com/blog/probiotics-good-bacteria/}
}

@online{url1d6b529a,
    url = {https://selfhacked.com/blog/top-12-scientific-health-benefits-of-l-reuteri/}
}

@online{url743242f2,
    url = {https://selfhacked.com/blog/health-benefits-l-plantarum/}
}

@online{url3cd2e593,
    url = {https://selfhacked.com/blog/l-salivarius/}
}

@online{urlc4407dca,
    url = {https://selfhacked.com/blog/l-delbrueckii/}
}

@online{urlcf30021b,
    url = {https://selfhacked.com/blog/supplements-people-th1-dominant/}
}

@online{url8da466b0,
    url = {https://selfhacked.com/blog/s-boulardii/}
}

@online{urlb55dc9be,
    url = {https://selfhacked.com/blog/l-acidophilus/}
}

@online{url30b09cfa,
    url = {https://selfhacked.com/blog/l-casei/}
}

@online{url03b9381e,
    url = {https://selfhacked.com/blog/l-rhamnosus/}
}

@online{urlf61f9aac,
    url = {https://selfhacked.com/blog/b-longum/}
}

@online{url232fd533,
    url = {https://selfhacked.com/blog/l-brevis/}
}

@online{url1b0d80e3,
    url = {https://selfhacked.com/blog/l-fermentum/}
}

@online{url9233ee9b,
    url = {https://selfhacked.com/blog/top-25-science-based-health-benefits-n-acetyl-cysteine-nac/}
}

@online{url11205663,
    url = {https://selfhacked.com/blog/30-scientifically-proven-health-benefits-glutathione/}
}

@online{urla33a6591,
    url = {https://selfhacked.com/blog/supplements-people-th2-dominant/}
}

@online{url5bdd090c,
    url = {https://selfhacked.com/blog/licorice/}
}

@online{urle04a1896,
    url = {https://selfhacked.com/blog/scientifically-proven-health-benefits-of-ginger/}
}

@online{url1da6449f,
    url = {https://selfhacked.com/blog/reishi/}
}

@online{url6222ea23,
    url = {https://selfhacked.com/blog/22-scientifically-proven-benefits-quercetin/}
}

@online{url47cd5556,
    url = {https://selfhacked.com/blog/astragalus/}
}

@online{url00963baa,
    url = {https://raypeatforum.com/community/threads/cortisol-drives-triple-negative-breast-cancer-androgens-dht-are-therapeutic.33096/}
}

@online{urla549216c,
    url = {https://pubmed.ncbi.nlm.nih.gov/34422798/}
}

@online{url90c9d290,
    url = {https://pubmed.ncbi.nlm.nih.gov/33876852/}
}

@online{urldbd6c3e2,
    url = {https://pubmed.ncbi.nlm.nih.gov/33474846/}
}

@online{urlb2359060,
    url = {https://www.ncbi.nlm.nih.gov/pmc/articles/PMC8443983/figure/F4/}
}

@online{url0aad0af3,
    url = {https://puretechhealth.com/programs/details/lyt-300}
}

@online{urlf4c2e2f8,
    url = {https://www.businesswire.com/news/home/20211208005277/en/PureTech-Presents-Preclinical-Proof-of-Concept-Data-for-LYT-300-Oral-Allopregnanolone-as-Potential-Treatment-for-Neurological-and-Neuropsychological-Conditions}
}

@online{urld4773b92,
    url = {https://www.businesswire.com/}
}

@online{url2165fd15,
    url = {https://cts.businesswire.com/ct/CT?id=smartlink&url=https://puretechhealth.com/&esheet=52546806&newsitemid=20211208005277&lan=en-US&anchor=PureTech+Health+plc&index=1&md5=8ab9a584dbdaa5cb6d83a19492cd92ca}
}

@online{url76eadd7f,
    url = {https://cts.businesswire.com/ct/CT?id=smartlink&url=https://news.puretechhealth.com/news-releases/news-release-details/puretech-advances-wholly-owned-candidate-lyt-300-oral&esheet=52546806&newsitemid=20211208005277&lan=en-US&anchor=recently+advanced+into+a+Phase+1+clinical+study&index=2&md5=ea5d82467aeb84a66b9e7cccda6db34d}
}

@online{urle34bb13f,
    url = {https://www.ncbi.nlm.nih.gov/pmc/articles/PMC3180407/}
}

@online{url96961c6e,
    url = {http://www.tandfonline.com/doi/abs/10.1080/09168451.2015.1123612?src=recsys&journalCode=tbbb20}
}

@online{urlfe0e03b5,
    url = {https://www.ncbi.nlm.nih.gov/pubmed/29303051}
}

@online{urlc2e3d460,
    url = {https://en.wikipedia.org/wiki/Phytol}
}

@online{url58e3ca5f,
    url = {https://www.ncbi.nlm.nih.gov/pubmed/24853760}
}

@online{urla6fc3ea3,
    url = {https://www.ncbi.nlm.nih.gov/pubmed/26296761}
}

@online{url7f84b539,
    url = {http://www.tandfonline.com/doi/pdf/10.1271/bbb.130029}
}

@online{url7d6e886c,
    url = {https://en.wikipedia.org/wiki/Steroidogenic_acute_regulatory_protein}
}

@online{url4825b333,
    url = {https://en.wikipedia.org/wiki/Diosgenin}
}

@online{urlc50b5f11,
    url = {https://www.ncbi.nlm.nih.gov/pubmed/24607838}
}

@online{urladfdff31,
    url = {https://www.ncbi.nlm.nih.gov/pmc/articles/PMC5691776/}
}

@online{urld6dec408,
    url = {https://www.ncbi.nlm.nih.gov/pubmed/6855483}
}

@online{urlbb0fd68b,
    url = {https://www.ncbi.nlm.nih.gov/pubmed/6835033}
}

@online{urlfa112521,
    url = {https://www.ncbi.nlm.nih.gov/pubmed/7107606}
}

@online{url537ff328,
    url = {https://www.ncbi.nlm.nih.gov/pubmed/7126611}
}

@online{urld83a33d7,
    url = {https://www.ncbi.nlm.nih.gov/pubmed/638868}
}

@online{url32da55a0,
    url = {https://www.ncbi.nlm.nih.gov/pubmed/8692222}
}

@online{urld67d568c,
    url = {https://www.ncbi.nlm.nih.gov/pubmed/22361190}
}

@online{urlf20367f4,
    url = {https://www.ncbi.nlm.nih.gov/pubmed/20874681}
}

@online{url44b95f52,
    url = {https://www.ncbi.nlm.nih.gov/pubmed/19804806}
}

@online{url2ccdf25d,
    url = {https://www.ncbi.nlm.nih.gov/pubmed/15781281}
}

@online{urldc785beb,
    url = {https://www.ncbi.nlm.nih.gov/pubmed/12657259}
}

@online{urlba1d97e3,
    url = {https://www.ncbi.nlm.nih.gov/pubmed/11369807}
}

@online{urlf96849e5,
    url = {https://www.ncbi.nlm.nih.gov/pubmed/18164149}
}

@online{urlc11b5815,
    url = {https://www.ncbi.nlm.nih.gov/pubmed/8399307}
}

@online{url28a535d3,
    url = {https://www.ncbi.nlm.nih.gov/pubmed/8060377}
}

@online{url098d704a,
    url = {https://www.ncbi.nlm.nih.gov/pubmed/13707027}
}

@online{urla7632242,
    url = {https://www.ncbi.nlm.nih.gov/pubmed/4290213}
}

@online{urlce58e787,
    url = {https://www.ncbi.nlm.nih.gov/pubmed/27774891}
}

@online{url2e031382,
    url = {https://www.ncbi.nlm.nih.gov/pubmed/27667264}
}

@online{url3a4c68a8,
    url = {https://www.ncbi.nlm.nih.gov/pubmed/27658600}
}

@online{urlba333636,
    url = {https://www.ncbi.nlm.nih.gov/pubmed/25103916}
}

@online{url16ac8517,
    url = {https://www.ncbi.nlm.nih.gov/pubmed/24891085}
}

@online{url18c4a42e,
    url = {https://www.ncbi.nlm.nih.gov/pubmed/24392173}
}

@online{urlf9d2811c,
    url = {https://www.ncbi.nlm.nih.gov/pubmed/8856661}
}

@online{url9a4e3305,
    url = {https://www.ncbi.nlm.nih.gov/pubmed/4165840}
}

@online{url2194d7d1,
    url = {https://www.ncbi.nlm.nih.gov/pubmed/6652819}
}

@online{url81535f52,
    url = {https://www.ncbi.nlm.nih.gov/pubmed/17574827}
}

@online{url1860a478,
    url = {https://www.ncbi.nlm.nih.gov/pubmed/26292512}
}

@online{urlda4afb00,
    url = {https://www.ncbi.nlm.nih.gov/pubmed/23300941}
}

@online{urle7111139,
    url = {https://www.ncbi.nlm.nih.gov/pubmed/12062414}
}

@online{url49c93048,
    url = {https://www.ncbi.nlm.nih.gov/pubmed/28571740?dopt=Abstract}
}

@online{url7ccf28fb,
    url = {https://www.ncbi.nlm.nih.gov/pubmed/2246614}
}

@online{url1b14af9a,
    url = {https://www.ncbi.nlm.nih.gov/pubmed/6621260}
}

@online{urla6fdf597,
    url = {https://www.ncbi.nlm.nih.gov/pmc/articles/PMC1266999/}
}

@online{url9714ca0b,
    url = {https://www.ncbi.nlm.nih.gov/pubmed/24394651}
}

@online{url8e751bf2,
    url = {https://www.ncbi.nlm.nih.gov/pubmed/8739021}
}

@online{url377ad338,
    url = {https://www.ncbi.nlm.nih.gov/pubmed/25117703}
}

@online{url31a84351,
    url = {https://www.ncbi.nlm.nih.gov/pubmed/22648620}
}

@online{urlc9472b79,
    url = {https://www.ncbi.nlm.nih.gov/pubmed/17854812}
}

@online{urld25ff73b,
    url = {https://www.ncbi.nlm.nih.gov/pubmed/17201641}
}

@online{url6a5c3b55,
    url = {https://www.ncbi.nlm.nih.gov/pubmed/15225664}
}

@online{url701a2b8c,
    url = {https://www.ncbi.nlm.nih.gov/pubmed/15058737}
}

@online{url018da219,
    url = {https://www.ncbi.nlm.nih.gov/pubmed/24422895}
}

@online{url4290e6b9,
    url = {https://www.ncbi.nlm.nih.gov/pubmed/25387687}
}

@online{urlb62f0751,
    url = {https://www.ncbi.nlm.nih.gov/pubmed/24102680}
}

@online{url10480e91,
    url = {https://www.ncbi.nlm.nih.gov/pubmed/26317107}
}

@online{urlabc19460,
    url = {https://www.ncbi.nlm.nih.gov/pubmed/20645242}
}

@online{url71801eee,
    url = {https://www.ncbi.nlm.nih.gov/pubmed/2408954}
}

@online{urlf5debe0b,
    url = {https://www.ncbi.nlm.nih.gov/pubmed/103768}
}

@online{url88170812,
    url = {https://www.ncbi.nlm.nih.gov/pubmed/9498278}
}

@online{url7caaa460,
    url = {https://www.ncbi.nlm.nih.gov/pubmed/8625289}
}

@online{urlb59e1eb6,
    url = {https://www.ncbi.nlm.nih.gov/pubmed/1334056}
}

@online{urlcd1f677b,
    url = {https://www.ncbi.nlm.nih.gov/pubmed/21776469}
}

@online{url78ebe618,
    url = {https://www.ncbi.nlm.nih.gov/pubmed/11060781}
}

@online{url778b46d3,
    url = {https://www.ncbi.nlm.nih.gov/pubmed/13343121}
}

@online{url13053aa1,
    url = {https://www.ncbi.nlm.nih.gov/pubmed/24896297}
}

@online{urle8930323,
    url = {https://www.ncbi.nlm.nih.gov/pubmed/12373291}
}

@online{urleb81882d,
    url = {https://www.ncbi.nlm.nih.gov/pubmed/10493978}
}

@online{url2da3bbd0,
    url = {https://www.ncbi.nlm.nih.gov/pubmed/19522983}
}

@online{url8331ef1a,
    url = {https://www.ncbi.nlm.nih.gov/pubmed/19721223}
}

@online{url7161c48e,
    url = {https://www.ncbi.nlm.nih.gov/pubmed/19169201}
}

@online{url376cd8ad,
    url = {https://www.ncbi.nlm.nih.gov/pubmed/8355581}
}

@online{url9662f859,
    url = {https://www.ncbi.nlm.nih.gov/pubmed/23357814}
}

@online{url8f6ff6f4,
    url = {https://www.ncbi.nlm.nih.gov/pubmed/27099143}
}

@online{url0348c848,
    url = {https://www.ncbi.nlm.nih.gov/pubmed/24333358}
}

@online{urldc3527ba,
    url = {https://www.ncbi.nlm.nih.gov/pubmed/22750154}
}

@online{urled1e12b4,
    url = {https://www.agriculturejournals.cz/publicFiles/53210.pdf}
}

@online{url68da7932,
    url = {https://docs.google.com/spreadsheets/d/1nWC3tkTZIdXxmodS28zzZqeRD3yq95V11LH7tkfSsVs/edit?usp=sharing}
}

@online{url3211302d,
    url = {https://cdn.substack.com/image/fetch/f_auto,q_auto:good,fl_progressive:steep/https://bucketeer-e05bbc84-baa3-437e-9518-adb32be77984.s3.amazonaws.com/public/images/e771ebe9-5744-4c27-90d0-e5720e15c91b_828x200.png}
}

@online{urldc5f8cf4,
    url = {https://ourworldindata.org/explorers/coronavirus-data-explorer?zoomToSelection=true&time=2020-12-06..latest&facet=none&pickerSort=desc&pickerMetric=location&hideControls=true&Metric=Confirmed+deaths&Interval=7-day+rolling+average&Relative+to+Population=false&Align+outbreaks=false&country=~USA}
}

@online{url07b40293,
    url = {https://roundingtheearth.substack.com/p/webinar-talk-this-is-not-a-pandemic}
}

@online{url025b5c3a,
    url = {https://raypeatforum.com/community/attachments/31582/}
}

@online{url04564800,
    url = {https://raypeatforum.com/community/attachments/31583/}
}

@online{url4039979f,
    url = {https://pubmed.ncbi.nlm.nih.gov/34268397/}
}

@online{urlf1b812ff,
    url = {http://haidut.me/?p=1501}
}

@online{urlf9067fc4,
    url = {https://selfhacked.com/blog/how-to-increase-orexin-and-decrease-fatigue-naturally/}
}

@online{urla8972c0c,
    url = {https://selfhacked.com/blog/hypothalamus-101/}
}

@online{url8f6c81eb,
    url = {https://selfhacked.com/blog/cox2-natural-cox2-inhibitors/}
}

@online{urlc669f430,
    url = {https://selfhacked.com/blog/depression-genetics-gut-microbes-inflammation/}
}

@online{url44bb1e30,
    url = {https://selfhacked.com/blog/gaba/}
}

@online{url35a869e5,
    url = {https://selfhacked.com/blog/resistant2-resistant-starch-metabolism-autoimmunity-cancer-weight-loss-digestion/}
}

@online{urlc3a5aa06,
    url = {https://selfhacked.com/blog/estradiol/}
}

@online{url1e2579cd,
    url = {https://selfhacked.com/blog/interleukin-1/}
}

@online{url9e5f7f15,
    url = {https://selfhacked.com/blog/il-8/}
}

@online{url076e24ac,
    url = {https://www.selfdecode.com/gene/il21/?utm_source=seo&utm_medium=selfhacked&utm_campaign=id00002}
}

@online{url0d36835a,
    url = {https://selfhacked.com/blog/th17/}
}

@online{url6d948d1c,
    url = {https://selfhacked.com/blog/tgf/}
}

@online{urlaa455cf8,
    url = {https://selfhacked.com/blog/treg/}
}

@online{url78015300,
    url = {https://selfhacked.com/blog/alzheimer/}
}

@online{urla51d5de0,
    url = {https://selfhacked.com/blog/some-preservatives-block-inflammation-and-autoimmune-disease/}
}

@online{url1a58b3f6,
    url = {https://selfhacked.com/blog/causes-ibs-general-gut-dysfunction/}
}

@online{urlffea20fb,
    url = {https://selfhacked.com/blog/why-your-health-problems-worsen-after-stress-the-role-of-crh/}
}

@online{url9454d0f2,
    url = {https://selfhacked.com/blog/reasons-cortisol-low-high/}
}

@online{urleb6f476c,
    url = {https://selfhacked.com/blog/supplements-lifestyle-factors-influence-tnf-interleukin-6-il-6/}
}

@online{url1b8e8df4,
    url = {https://selfhacked.com/blog/need-know-vasopressin-role-chronic-health-issues/}
}

@online{url5564b265,
    url = {https://selfhacked.com/blog/the-social-chilled-out-and-empathetic-genes-oxytocin-receptor-snps/}
}

@online{url00fd5b4c,
    url = {https://selfhacked.com/blog/a-comprehensive-list-of-natural-ways-to-increase-bdnf/}
}

@online{url84b2b8ae,
    url = {https://selfhacked.com/blog/testosterone-will-add/}
}

@online{url04be52cd,
    url = {https://selfhacked.com/blog/thyroid-hormones-t4t3/}
}

@online{urlfb0238a4,
    url = {https://selfhacked.com/blog/oxidative-stress-101/}
}

@online{url22f4639d,
    url = {https://selfhacked.com/blog/c-reactive-protein/}
}

@online{urld7e64def,
    url = {https://selfhacked.com/blog/causes-symptoms-diagnosis-risk-factors-of-multiple-sclerosis/}
}

@online{urld87d4ce2,
    url = {https://selfhacked.com/blog/oregano/}
}

@online{url4879aa1d,
    url = {https://selfhacked.com/blog/literally-everything-wanted-know-zinc-backed-science/}
}

@online{url96da21f5,
    url = {https://selfhacked.com/blog/21-proven-science-based-reasons-magnesium-amazing-including-drawbacks/}
}

@online{url44797b74,
    url = {https://selfhacked.com/blog/trehalose-health-benefits/}
}

@online{url6afc964b,
    url = {https://selfhacked.com/blog/green-tea/}
}

@online{urlee040579,
    url = {https://selfhacked.com/blog/natural-ways-to-increase-calcitrol-and-vitamin-d-receptor-gene-expression/}
}

@online{url271f2606,
    url = {https://selfhacked.com/blog/pqq-review/}
}

@online{url4db29981,
    url = {https://selfhacked.com/blog/top-12-scientific-benefits-of-andrographis-paniculata-including-dosage-safety-and-side-effects/}
}

@online{urlf1eb0c79,
    url = {https://selfhacked.com/blog/top-28-scientific-benefits-of-the-panacea-black-cumin-seed-nigella-sativa/}
}

@online{urlbb4ad882,
    url = {https://selfhacked.com/blog/curcumin-cures-top-15-scientifically-proven-health-benefits-with-references/}
}

@online{urldd684381,
    url = {https://selfhacked.com/blog/15-science-based-health-benefits-fisetin-1-favorite/}
}

@online{url480947b7,
    url = {https://selfhacked.com/blog/top-15-proven-scientific-reasons-spice-life-cinnamon-references/}
}

@online{url07dd5938,
    url = {https://selfhacked.com/blog/hydrogen-water/}
}

@online{url23539f05,
    url = {https://selfhacked.com/blog/boswellia/}
}

@online{url0be72fc9,
    url = {https://selfhacked.com/blog/the-benefits-of-lithium/}
}

@online{url1fb21dde,
    url = {https://selfhacked.com/blog/olive-leaf-extract-10-unexpected-health-benefits/}
}

@online{url35599213,
    url = {https://selfhacked.com/blog/top-11-science-based-health-benefits-apigenin/}
}

@online{url200f264c,
    url = {https://selfhacked.com/blog/top-11-science-based-health-benefits-luteolin/}
}

@online{urlfdd09a13,
    url = {https://selfhacked.com/blog/top-15-scientific-health-benefits-of-resveratrol-with-references/}
}

@online{url78005e64,
    url = {https://selfhacked.com/blog/red-yeast-rice/}
}

@online{url5d47fbe5,
    url = {http://www.endo-society.org}
}

@online{url5b237011,
    url = {https://pubmed.ncbi.nlm.nih.gov/34843801/}
}

@online{urlcda75ae0,
    url = {https://www.ncbi.nlm.nih.gov/pmc/articles/PMC3627048/}
}

@online{url4cb59917,
    url = {https://www.nature.com/articles/nrn.2016.90}
}

@online{url34884c6b,
    url = {https://www.molbiolcell.org/doi/10.1091/mbc.E21-05-0262}
}

@online{url9821g3q21,
    url = {https://www.eurekalert.org/news-releases/937700}
}

@online{urld2eb3041,
    url = {https://medicalxpress.com/news/2021-12-newly-anti-senescence-function-vitamin-b2.html}
}

@online{urlb1f42f27,
    url = {https://pubmed.ncbi.nlm.nih.gov/11701451/}
}

@online{url528b3633,
    url = {https://raypeatforum.com/community/threads/aspirin-activates-ampk-reduces-liver-fat.32429/}
}

@online{urla8d68c13,
    url = {https://raypeatforum.com/community/threads/biotin-decreases-serum-free-fatty-acids.12109/}
}

@online{url6f20812a,
    url = {http://(https://raypeatforum.com/community/threads/regulation-of-the-energy-sensor-amp-activated-protein-kinase-in-the-kidney-by-dietary-salt-intake-an.10350/)}
}

@online{url5ffe22f8,
    url = {https://selfhacked.com/blog/natural-ampk-activators/}
}

@online{url5e9f0dc8,
    url = {https://selfhacked.com/blog/top-14-proven-health-benefits-exercise-references-mechanisms/}
}

@online{urlddd76753,
    url = {https://selfhacked.com/blog/glucose/}
}

@online{urlfe22625e,
    url = {https://selfhacked.com/blog/glucose/?utm_source=seo&utm_medium=selfhacked&utm_campaign=id00002}
}

@online{url2139f9c9,
    url = {https://selfhacked.com/blog/cholesterol/}
}

@online{url25d2b04e,
    url = {https://selfhacked.com/blog/triglycerides/}
}

@online{url95e0eaf1,
    url = {https://selfhacked.com/blog/everything-wanted-know-autophagy/}
}

@online{url5ba8db08,
    url = {https://selfhacked.com/blog/mitochondria/}
}

@online{urleb2a0c24,
    url = {https://selfhacked.com/blog/63-factors-raising-stress-cortisol-level-backed-science/}
}

@online{url6de64616,
    url = {https://selfhacked.com/blog/about-nrf2-and-natural-ways-to-increase-it/}
}

@online{url7b413a6b,
    url = {https://selfhacked.com/blog/the-brain-fog-gene-rs4880-or-sod2/}
}

@online{urld90340de,
    url = {https://selfdecode.com/gene/ucp2/?utm_source=seo&utm_medium=selfhacked&utm_campaign=id00002&seg_id=01FPDDMFCA23N3R9X9663P5CY3.2704.1640149554187}
}

@online{urlfd3ba62f,
    url = {https://selfhacked.com/blog/why-you-may-be-suffering-from-low-oxygen-and-not-realize-it/}
}

@online{url4d85746d,
    url = {https://selfhacked.com/blog/health-benefits-sleep/}
}

@online{urle7f01e24,
    url = {https://www.ncbi.nlm.nih.gov/pmc/articles/PMC5003690/}
}

@online{url9081010f,
    url = {https://selfhacked.com/blog/a-comprehensive-list-of-effective-ways-to-lose-weight/}
}

@online{urlecd0988f,
    url = {https://selfhacked.com/blog/ghrelin-role-cognitive-gut-function-weight-inflammation-autoimmunity/}
}

@online{url0b85902a,
    url = {https://selfhacked.com/blog/23-longevity-boosting-supplements-drugs-increase-lifespan/}
}

@online{url3abb9e11,
    url = {https://selfhacked.com/blog/lifestyle-diet-increase-longevity/}
}

@online{url12ca3aae,
    url = {https://selfhacked.com/blog/mtor-natural-mtor-inhibitors/}
}

@online{urlced6a389,
    url = {https://selfhacked.com/blog/nuclear-factor-kappa-b/}
}

@online{url79563af5,
    url = {https://selfhacked.com/blog/all-about-leptin-its-role-in-chronic-inflammation-cfs-and-weight/}
}

@online{url7f3d38c9,
    url = {https://selfhacked.com/blog/top-tips-for-fixing-insulin-resistance/}
}

@online{url4983be5d,
    url = {https://selfhacked.com/blog/uses-benefits-metformin/}
}

@online{urlc723c7ba,
    url = {https://selfhacked.com/blog/insulin-101/}
}

@online{urldf1bd5aa,
    url = {https://selfhacked.com/blog/low-carb-diet-vs-high-carb-diet/}
}

@online{urlfe4a22d6,
    url = {https://selfhacked.com/blog/adiponectin/}
}

@online{url71b84fd4,
    url = {https://selfhacked.com/blog/12-reasons-embrace-cold/}
}

@online{urlf0e99456,
    url = {https://selfhacked.com/blog/lipoic-acid/}
}

@online{urldb649072,
    url = {https://selfhacked.com/blog/quercetin-22-scientifically-proven-benefits-quercetin/}
}

@online{url9f7b6554,
    url = {https://selfhacked.com/blog/19-health-benefits-of-berberine-with-references/}
}

@online{urlebc7492e,
    url = {https://selfhacked.com/blog/blueberries-health-benefits/}
}

@online{urleed4474d,
    url = {https://selfhacked.com/blog/everything-need-know-grapeseed-extract-references/}
}

@online{url0306fa4a,
    url = {https://selfhacked.com/blog/pycnogenol-pine-bark-extract-health-benefits/}
}

@online{urlca728873,
    url = {https://selfhacked.com/blog/28-proven-health-benefits-nicotine-4-potential-risks/}
}

@online{url79397117,
    url = {https://selfhacked.com/blog/palmitoylethanolamide-pea/}
}

@online{urlb156f176,
    url = {https://selfhacked.com/blog/9-proven-health-benefits-momordica-charantia-bitter-melon-including-risks/}
}

@online{url34197bc8,
    url = {https://selfhacked.com/blog/top-18-science-based-health-effects-carnitine/}
}

@online{urle7afc9a1,
    url = {https://selfhacked.com/blog/glucosamine/}
}

@online{urlf7a734c8,
    url = {https://selfhacked.com/blog/olive-oil/}
}

@online{urlad143f51,
    url = {https://selfhacked.com/blog/ginseng/}
}

@online{url36e74773,
    url = {https://selfhacked.com/blog/health-benefit-of-vinegar/}
}

@online{url151fdcc3,
    url = {https://selfhacked.com/blog/pomegranate/}
}

@online{url04358465,
    url = {https://selfhacked.com/blog/creatine/}
}

@online{urle862ebf3,
    url = {https://selfhacked.com/blog/coenzyme-q10-ubiquinol/}
}

@online{urldcb4071c,
    url = {https://selfhacked.com/blog/gynostemma-boost-immunity-energy-weight-loss-top-9-benefits/}
}

@online{urlcaf6de7a,
    url = {https://selfhacked.com/blog/baicalein-baicalin-top-7-health-benefits-flavanoid/}
}

@online{url1c3effd6,
    url = {https://selfhacked.com/blog/health-benefits-fucoidan/}
}

@online{urlfbc813c5,
    url = {https://selfhacked.com/blog/salvia-miltiorrhiza-red-sage/}
}

@online{url9acbbff0,
    url = {https://selfhacked.com/blog/intermittent-fasting/}
}

@online{urlf526a94b,
    url = {http://Intermittent fasting (IF) ineffective and may even be dangerous}
}

@online{urlf0cbd416,
    url = {https://medicalxpress.com/tags/cellular+senescence/}
}

@online{url998f6417,
    url = {https://www.reddit.com/r/ivermectin/comments/oxen8i/dr_malone_claims_that_physicians_in_spain_are/h7m8thu?utm_medium=android_app&utm_source=share&context=3}
}

@online{url1d13708d,
    url = {https://en.wikipedia.org/wiki/5-HT1_receptor}
}

@online{url66c2efa5,
    url = {https://en.wikipedia.org/wiki/5-HT2_receptor}
}

@online{urla97e38b1,
    url = {https://en.wikipedia.org/wiki/Dopamine_receptor_D2}
}

@online{url087775ac,
    url = {https://en.wikipedia.org/wiki/Benzodiazepine_receptor}
}

@online{urlea621f52,
    url = {https://en.wikipedia.org/wiki/Imidazoline_receptor}
}

@online{url4b29ae32,
    url = {https://raypeatforum.com/community/attachments/29756/}
}

@online{url75c9f623,
    url = {https://raypeatforum.com/community/attachments/29757/}
}

@online{urle33037d4,
    url = {https://chacruna.net/wp-content/uploads/2019/08/McKenna_et_al_Monoamine_Inhibitors_Tryptamine_Ayahuasca_Journal_Ethnopharmacology_1984.pdf}
}

@online{url5974d61b,
    url = {https://www.sigmaaldrich.com/US/en/product/aldrich/m1626?context=product}
}

@online{urlbbdc235e,
    url = {https://raypeatforum.com/community/attachments/29772/}
}

@online{urlf4ba12a9,
    url = {https://raypeatforum.com/community/attachments/29771/}
}

@online{urld31e1f02,
    url = {https://www.nofilter.media/podcast/boost-your-biology}
}

@online{url0f7b0924,
    url = {https://raypeatforum.com/community/attachments/29980/}
}

@online{urla12c779e,
    url = {https://pubmed.ncbi.nlm.nih.gov/10940539/}
}

@online{urldaee2937,
    url = {https://raypeatforum.com/community/attachments/30009/}
}

@online{url2318e822,
    url = {https://en.wikipedia.org/wiki/Ondansetron[}
}

@online{url936fda3a,
    url = {https://pubmed.ncbi.nlm.nih.gov/7677390/}
}

@online{urlf677d44f,
    url = {https://www.ncbi.nlm.nih.gov/labs/pmc/articles/PMC3421604/}
}

@online{url24620094,
    url = {https://www.ncbi.nlm.nih.gov/labs/pmc/articles/PMC5618627/}
}

@online{url1c5e589a,
    url = {https://pubmed.ncbi.nlm.nih.gov/20398742/}
}

@online{url7f4c8280,
    url = {https://pubmed.ncbi.nlm.nih.gov/30001916/}
}

@online{urle6999158,
    url = {https://pubmed.ncbi.nlm.nih.gov/33001013/}
}

@online{url2e0f4119,
    url = {https://pubmed.ncbi.nlm.nih.gov/20372018/}
}

@online{url864a472d,
    url = {https://pubmed.ncbi.nlm.nih.gov/18814210/}
}

@online{url922d6e0e,
    url = {https://pubmed.ncbi.nlm.nih.gov/24460429/}
}

@online{url8a5cbc00,
    url = {https://pubmed.ncbi.nlm.nih.gov/30006037/}
}

@online{url623cfe61,
    url = {https://pubmed.ncbi.nlm.nih.gov/27568370/}
}

@online{urlf2387a67,
    url = {https://en.m.wikipedia.org/wiki/Plasma_membrane_monoamine_transporter}
}

@online{urle5943d62,
    url = {https://www.ncbi.nlm.nih.gov/labs/pmc/articles/PMC3199987/}
}

@online{url7a5535a5,
    url = {https://pubmed.ncbi.nlm.nih.gov/15448143/}
}

@online{urla28a1d7e,
    url = {https://idealabs.ecwid.com}
}

@online{url93d78978,
    url = {https://letsencrypt.org/}
}

@online{url35a1899a,
    url = {https://www.dmt-nexus.me/forum/default.aspx?g=posts&t=70936}
}

@online{urld796a7b3,
    url = {https://raypeatforum.com/community/threads/can-methylene-blue-increase-serotonin.19554/}
}

@online{url6485747e,
    url = {https://www.limitlesslifenootropics.com/shop/9-me-bc/}
}

@online{urlb8b08ec0,
    url = {https://thepiratebay.org/description.php?id=13561569}
}

@online{url7bac4cae,
    url = {https://www.salzburg.gv.at/themen/gesundheit/corona-virus/coronatests/gurgeln}
}

@online{url03fe698c,
    url = {https://raypeatforum.com/community/attachments/30386/}
}

@online{url36dc7bff,
    url = {https://www.dict.cc/?s=coercive}
}

@online{url6f1c7429,
    url = {https://www.dict.cc/?s=detention}
}

@online{urlba2e78d3,
    url = {https://www.epochtimes.de/politik/ausland/oesterreich-verhaengt-lockdown-und-will-impfpflicht-mit-geldstrafen-durchsetzen-a3647923.html}
}

@online{url9b6d80c4,
    url = {https://www.reddit.com/r/Austria/comments/qy4y7p/friedliche_demo_natürlich_gleich_mal_ein_paar/?utm_source=share&utm_medium=web2x&context=3}
}

@online{url69e41aba,
    url = {https://dailysceptic.org/postcard-from-luxembourg-2/}
}

@online{urlebaa0d38,
    url = {https://www.bitchute.com/video/ZdqvclNcVUCg/}
}

@online{urlf6e7f8ff,
    url = {https://raypeatforum.com/community/attachments/30441/}
}

@online{url07751cc0,
    url = {https://www.thecardiologyadvisor.com/home/topics/acs/acute-coronary-syndrome-acs-biomarkers-mrna-covid19-vaccine/}
}

@online{url59287b69,
    url = {https://en.wikipedia.org/wiki/Schallenberg_family}
}

@online{url2063e518,
    url = {https://youtu.be/XsVLbb0Z6Do}
}

@online{url45bb6262,
    url = {https://twitter.com/FVD_int}
}

@online{url4d03c168,
    url = {https://gemmaodoherty.com/head-of-east-germanys-largest-hospital-throws-himself-off-building-after-admitting-covid-is-a-scam-11/}
}

@online{url935581df,
    url = {https://nitter.42l.fr/spencerlatu/status/1478897142257238017}
}

@online{url6913bb79,
    url = {https://www.sciencedirect.com/science/article/abs/pii/S0160252712000854?via=ihub}
}

@online{urld85cedb4,
    url = {https://youtu.be/2ss_1vKQjF0}
}

@online{url453fbfa4,
    url = {https://rumble.com/vrxr3n-tpc-653-dr.-mattias-desmet-dr.-robert-malone-dr.-peter-mccullough-mass-form.html}
}

@online{urlb6607495,
    url = {http://www.DeepL.com/Translator}
}

@online{url7c3f32ae,
    url = {https://raypeatforum.com/community/threads/best-countries-to-move-to-from-australia.41966/page-3}
}

@online{url3b51312e,
    url = {https://raypeatforum.com/community/attachments/32548/}
}

@online{url9fae3dd2,
    url = {https://raypeatforum.com/community/attachments/32549/}
}

@online{url6ffeb299,
    url = {https://www.zerohedge.com/markets/austria-introduces-covid-19-vaccination-lottery-winners-get-eu500-vouchers}
}

@online{urld36797df,
    url = {https://raypeatforum.com/community/attachments/32720/}
}

@online{url48973368,
    url = {https://www.pei.de/DE/newsroom/pm/jahr/2022/03-antikoerper-sars-cov-2-infektion-neue-erkenntnisse-sensitivitaet-nachweisdauer-antikoerpertests.html}
}

@online{url648e7cc3,
    url = {https://www.sozialministerium.at/Corona-Schutzimpfung/Impfpflicht/Allgemeine-Informationen.html}
}

@online{url128036a7,
    url = {https://t.me/s/Wiesollesweitergehen}
}

@online{urlbbe7b722,
    url = {https://raypeatforum.com/community/attachments/30501/}
}

@online{url2ec3bd5e,
    url = {https://youtu.be/7EI8haX1Blo}
}

@online{urle793da0b,
    url = {https://mobile.twitter.com/Karlmarxhd/status/1493353618266861571?cxt=HHwWhsC5zYTNurkpAAAA}
}

@online{url6663c736,
    url = {https://mobile.twitter.com/VigilantFox/status/1493350348156768267?cxt=HHwWlsC4sdiOubkpAAAA}
}

@online{urlde535877,
    url = {https://mobile.twitter.com/Karlmarxhd/status/1493644977737539585?cxt=HHwWgoC96bGMv7opAAAA}
}

@online{url2aa57ee6,
    url = {https://raypeatforum.com/community/attachments/33596/}
}

@online{urlb09233b5,
    url = {https://twitter.com/disclosetv/status/1493927775077605381}
}

@online{urldabceee8,
    url = {https://twitter.com/RealGeorgeWebb1/status/1493347699718070277?cxt=HHwWioC9_cP0t7kpAAAA}
}

@online{url04815c92,
    url = {https://bestpractice.bmj.com/topics/en-gb/1615}
}

@online{url9affe109,
    url = {https://clubderklarenworte.de/wp-content/uploads/2021/09/Netzwerkanalyse-Corona-Komplex.pdf}
}

@online{urlc7c75054,
    url = {https://twitter.com/Karl_Lauterbach/status/1494967527331569664?t=F9pMG4cyr_leXWAkMhOZyA&s=19}
}

@online{urld8b41e07,
    url = {https://www.facebook.com/100002037801734/posts/4856716037739608}
}

@online{urlff8ef693,
    url = {https://www.globalresearch.ca/austria-scraps-mandatory-covid-19-vaccination-law/5773640}
}

@online{url6839a735,
    url = {https://mobile.twitter.com/disclosetv/status/1527214619370070016}
}

@online{url4ade1ec0,
    url = {https://twitter.com/JoelSmalleyData/status/1544194135292366848}
}

@online{urlbf81fc72,
    url = {https://phmpt.org/wp-content/uploads/2021/10/IR0546-FDA-Pfizer-Approval-FINAL.pdf}
}

@online{url1cf022ab,
    url = {https://phmpt.org/wp-content/uploads/2021/10/001-Complaint-101021.pdf}
}

@online{url5a9b001e,
    url = {https://phmpt.org/wp-content/uploads/2021/11/5.3.6-postmarketing-experience.pdf}
}

@online{urleb56f19d,
    url = {https://thetruthaboutvaccines.com/smoking-gun-confidential-pfizer-document/}
}

@online{url70f61f6f,
    url = {https://thenationalpulse.com/news/conflict-reuters-chairman-is-pfizer-investor-and-board-member/https://thenationalpulse.com/news/conflict-reuters-chairman-is-pfizer-investor-and-board-member/}
}

@online{url3245416e,
    url = {https://odysee.com/@iceagefarmer:42}
}

@online{url55ce433c,
    url = {https://www.pfizer.com/news/press-release/press-release-detail/pfizer-and-biontech-announce-publication-results-landmark}
}

@online{urle49cec3a,
    url = {https://www.businesswire.com/news/home/20201210005703/en/}
}

@online{url9e5e4c04,
    url = {https://www.reuters.com/legal/government/wait-what-fda-wants-55-years-process-foia-request-over-vaccine-data-2021-11-18/}
}

@online{url8b5cbf1b,
    url = {https://raypeatforum.com/community/attachments/31046/}
}

@online{url2502f2db,
    url = {https://www.nejm.org/doi/full/10.1056/NEJMoa2034577?query=featured_home}
}

@online{urla1792bcf,
    url = {https://www.fda.gov/media/151733/download}
}

@online{urlb55a5dfd,
    url = {https://www.hhs.gov/sites/default/files/pfizer-inc-covid-19-vaccine-contract.pdf}
}

@online{url173d7999,
    url = {https://www.cdc.gov/coronavirus/2019-ncov/vaccines/fully-vaccinated.html?fbclid=IwAR3LQqI1M7CFOV-3WLJ_BTAhf0FtbMkIy3bo6wjginZE1MnUaiT0MTKBMH8}
}

@online{url39984da2,
    url = {https://www.bitchute.com/video/P5oJR9dXWXhk/}
}

@online{urlf418e689,
    url = {https://twitter.com/MaajidNawaz/status/1467169857435222016}
}

@online{url1b45633a,
    url = {https://jamanetwork.com/journals/jama/fullarticle/2776557}
}

@online{url309f549d,
    url = {https://www.docdroid.net/rNgtxyh/microscopia-de-vial-corminaty-dr-campra-firma-e-1-fusionado-pdf}
}

@online{urlbd16dc54,
    url = {https://www.dropbox.com/s/tnnq4ftw818chmx/FINAL_VERSIÓN_CAMPRA_REPORT_DETECTION_GRAPHENE_IN_COVID19_VACCINES.pdf?dl=0}
}

@online{urla4560425,
    url = {https://www.europarl.europa.eu/charter/pdf/text_en.pdf}
}

@online{url8dfa4ec8,
    url = {https://www.bitchute.com/video/iwz6uDOU7tcG/}
}

@online{urlfb2a812d,
    url = {https://www.bitchute.com/video/7JAtY5eVlnw1/}
}

@online{url526d54c5,
    url = {https://www.worldometers.info/coronavirus/?zarsrc=130}
}

@online{urlb08f11e3,
    url = {https://www.nytimes.com/interactive/2021/world/covid-vaccinations-tracker.html}
}

@online{url6d053fc7,
    url = {https://www.statista.com/chart/24067/israeli-covid-19-vaccine-study-results/}
}

@online{url0b81a04a,
    url = {https://www.theepochtimes.com/fda-says-it-now-needs-75-years-to-fully-release-pfizer-covid-19-vaccine-data_4145410.html}
}

@online{url010f460a,
    url = {https://www.statista.com/chart/23833/covid-19-vaccination-doses-per-100-people/}
}

@online{url2e5f452b,
    url = {https://open.spotify.com/episode/0aZte37vtFTkYT7b0b04Qz}
}

@online{url7483f052,
    url = {https://www.skirsch.com/covid/MoreHarm.pdf}
}

@online{url896f39ab,
    url = {https://childrenshealthdefense.org/defender_category/covid/}
}

@online{urlcfefb2d9,
    url = {https://childrenshealthdefense.org/defender/fda-pfizer-comirnaty-vaccine-data-twelve-weeks/}
}

@online{url3c2d14c6,
    url = {https://childrenshealthdefense.org/defender/fda-licensing-pfizer-comirnaty-covid-vaccine/}
}

@online{urlbec0772b,
    url = {https://childrenshealthdefense.org/defender/fda-75-years-release-pfizer-vaccine-documents/}
}

@online{url62258c42,
    url = {https://childrenshealthdefense.org/defender/vaers-cdc-covid-vaccine-pfizer-moderna-johnson/}
}

@online{url959eb670,
    url = {https://childrenshealthdefense.org/defender/steve-kirsch-alix-mayer-pfizer-approved-comirnaty-vaccine/}
}

@online{url9226a860,
    url = {https://childrenshealthdefense.org/defender/pfizer-whistleblower-brook-jackson-covid-vaccine-clinical-trial/}
}

@online{url01605e8f,
    url = {https://www.nejm.org/doi/suppl/10.1056/NEJMoa2034577/suppl_file/nejmoa2034577_appendix.pdf}
}

@online{url8c507fd5,
    url = {https://stevekirsch.substack.com/p/latest-vaers-estimate-388000-americans}
}

@online{url70709186,
    url = {https://childrenshealthdefense.org.au/wp-content/uploads/are-covid-19-vaxxes-safe-for-children.pdf}
}

@online{url2583e3fd,
    url = {https://twitter.com/aaronsirisg/status/1479230040630251520?s=21}
}

@online{urlae060038,
    url = {https://maryannedemasi.com/publications/f/fda-to-release-pfizer-data-but-the-devil-could-be-in-the-detail}
}

@online{urlc161eac1,
    url = {https://www.globalresearch.ca/after-fda-says-it-can-release-covid-19-vaccine-data-by-2097-federal-judge-orders-all-info-to-be-shared-this-year/5766592}
}

@online{url5c7ff494,
    url = {https://fingfx.thomsonreuters.com/gfx/legaldocs/gdvzykdllpw/Pittman FOIA Order.pdf}
}

@online{urla476f78a,
    url = {https://www.loc.gov/resource/mjm.20_0155_0159/?sp=1&st=text}
}

@online{urlb8967098,
    url = {https://www.presidency.ucsb.edu/documents/remarks-the-20th-anniversary-the-voice-america}
}

@online{urld24ad60e,
    url = {https://www.theepochtimes.com/pfizer-moves-to-intervene-in-high-profile-case-dealing-with-covid-19-vaccine-safety-data_4238676.html}
}

@online{urle14f659b,
    url = {https://raypeatforum.com/community/posts/742813}
}

@online{url00283b58,
    url = {https://www.newyorkfed.org/medialibrary/media/markets/DFA/rp_rrp_data_2019_q4.xls}
}

@online{urlab56c3e6,
    url = {https://www.reddit.com/r/Superstonk/comments/ows1a2/will_the_real_gme_bbemg_please_stand_up_cont_part/}
}

@online{urld038580b,
    url = {https://ia802609.us.archive.org/14/items/pdfy--Pori1NL6fKm2SnY/The Creature From Jekyll Island.pdf}
}

@online{urlaa3bdc65,
    url = {https://www.youtube.com/watch?v=zorM6XOZ13o}
}

@online{url60397134,
    url = {https://www.yanisvaroufakis.eu/2013/04/22/bitcoin-and-the-dangerous-fantasy-of-apolitical-money/}
}

@online{url2b07a2cb,
    url = {https://en.wikipedia.org/wiki/Gold_Reserve_Act}
}

@online{url7670653a,
    url = {https://www.money.it/Denaro-costo-zero-Covid-perenne}
}

@online{urlc3ef28ae,
    url = {https://thephilosophicalsalon.com/a-self-fulfilling-prophecy-systemic-collapse-and-pandemic-simulation/}
}

@online{urlb53b07ac,
    url = {https://www.bis.org/publ/arpdf/ar2019e.pdf}
}

@online{url116325ff,
    url = {https://www.amazon.com.au/Manias-Panics-Crashes-History-Financial/dp/0471467146}
}

@online{url12b566cf,
    url = {https://larouchepub.com/eiw/public/1996/eirv23n22-19960524/eirv23n22-19960524.pdf}
}

@online{url1746e1ca,
    url = {https://raypeatforum.com/community/attachments/31952/}
}

@online{url44bf2044,
    url = {https://raypeatforum.com/community/attachments/31953/}
}

@online{urla44e5b18,
    url = {https://raypeatforum.com/community/attachments/31954/}
}

@online{url9fca7c85,
    url = {https://www.wired.com/1994/11/gbn/}
}

@online{url898fdc6c,
    url = {https://raypeatforum.com/community/attachments/31955/}
}

@online{url956b54e5,
    url = {https://raypeatforum.com/community/attachments/31956/}
}

@online{url648fb51c,
    url = {https://raypeatforum.com/community/attachments/31957/}
}

@online{url8ac783d9,
    url = {https://raypeatforum.com/community/attachments/31958/}
}

@online{url2de233c2,
    url = {https://wallstreetonparade.com/?s=bitcoin}
}

@online{url12c1aaa0,
    url = {https://unlimitedhangout.com/2021/10/investigative-reports/wall-streets-takeover-of-nature-advances-with-launch-of-new-asset-class/}
}

@online{urld2a91f50,
    url = {https://raypeatforum.com/community/attachments/32043/}
}

@online{url2757abd6,
    url = {https://erikvoorhees.medium.com/shapeshift-is-decentralizing-639bb4c82fc8}
}

@online{url8673711b,
    url = {https://whatismoneypodcast.com/episodes/central-banking-is-a-confidence-game-the-snider-series-episode-6-wim106}
}

@online{urld1ca2c17,
    url = {https://en.wikipedia.org/wiki/Financial_Action_Task_Force}
}

@online{url3f8eee5b,
    url = {https://verus.io}
}

@online{url19dd83e3,
    url = {https://doomberg.substack.com/p/a-banana-worth-squeezing}
}

@online{urlad00705a,
    url = {https://t.co/j32dubW6o6}
}

@online{url7d074f83,
    url = {https://twitter.com/bloomerjj/status/1271125962508267520?s=20}
}

@online{urlc183a394,
    url = {https://21stcenturywire.com/2022/01/13/martin-armstrong-why-schwabs-great-reset-may-end-in-tears/}
}

@online{url6ca59dc0,
    url = {https://wallstreetonparade.com/2022/01/a-government-study-shows-that-wall-street-megabanks-have-dramatically-shifted-their-derivative-exposure-to-corporations/}
}

@online{url462432d0,
    url = {https://mobile.twitter.com/Jennifer_Arcuri/status/1489397102946004992?cxt=HHwWgMC9qcSxs6spAAAA}
}

@online{urlaf14a2d9,
    url = {https://raypeatforum.com/community/attachments/33173/}
}

@online{urlae740bf3,
    url = {http://theeconomiccollapseblog.com/two-shortages-that-threaten-to-absolutely-eviscerate-the-global-economy-in-2022/}
}

@online{url043f61de,
    url = {https://www.youtube.com/watch?v=fAPYSeOGoD8}
}

@online{url442f502f,
    url = {https://www.dailystar.co.uk/news/weird-news/secret-trillion-dollar-company-owns-20790205}
}

@online{url9d263c49,
    url = {https://thenetworkstate.com/}
}

@online{urlde0d3fd6,
    url = {https://twitter.com/balajis/status/1371411702076502016?ref_src=twsrc^tfw|twcamp^tweetembed|twterm^1371411702076502016|twgr^d2f49f232f804302a4e60f7dabe9630fc92d8f68|twcon^s1_&ref_url=https://thenetworkstate.com/miami}
}

@online{url94d43c20,
    url = {https://www.youtube.com/watch?v=xjBYhcX5A_I}
}

@online{urld1a6b0ca,
    url = {https://wallstreetonparade.com/2023/01/add-4281-hedge-fund-clients-to-what-makes-jpmorgan-chase-the-riskiest-mega-bank-in-the-u-s/}
}

@online{url5c9567a0,
    url = {https://twitter.com/FinanceLancelot/status/1601793189286801408}
}

@online{url326d2f04,
    url = {https://worldpopulationreview.com/countries/united-states-population}
}

@online{urlaa21d329,
    url = {https://worldpopulationreview.com/countries/russia-population}
}

@online{url6901840a,
    url = {https://worldpopulationreview.com/countries/saudi-arabia-population}
}

@online{url508da3cd,
    url = {https://worldpopulationreview.com/countries/canada-population}
}

@online{url9b5b12ce,
    url = {https://worldpopulationreview.com/countries/iraq-population}
}

@online{urldb687b7e,
    url = {https://worldpopulationreview.com/countries/china-population}
}

@online{urlecc45e7f,
    url = {https://worldpopulationreview.com/countries/united-arab-emirates-population}
}

@online{url2fe31963,
    url = {https://worldpopulationreview.com/countries/brazil-population}
}

@online{urld155b346,
    url = {https://worldpopulationreview.com/countries/kuwait-population}
}

@online{urlc372fee4,
    url = {https://worldpopulationreview.com/countries/iran-population}
}

@online{url468e51d5,
    url = {https://worldpopulationreview.com/countries/kazakhstan-population}
}

@online{urla441bdad,
    url = {https://worldpopulationreview.com/countries/norway-population}
}

@online{urlf76d0045,
    url = {https://worldpopulationreview.com/countries/mexico-population}
}

@online{urla0cf1440,
    url = {https://www.huduser.gov/portal/sites/default/files/pdf/2023-AHAR-Part-1.pdf}
}

@online{url1eb3cd0d,
    url = {https://www.thezebra.com/resources/home/housing-trends-visualized/}
}

@online{url20e8b930,
    url = {https://raypeatforum.com/community/attachments/59809/}
}

@online{url36560249,
    url = {https://raypeatforum.com/community/attachments/59808/}
}

@online{urlb6b6fef1,
    url = {https://www.dhs.gov/sites/default/files/publications/immigration-statistics/Pop_Estimate/UnauthImmigrant/unauthorized_immigrant_population_estimates_2015_-_2018.pdf}
}

@online{urlbaaa3c51,
    url = {https://raypeatforum.com/community/attachments/59816/}
}

@online{urla8e4d440,
    url = {https://raypeatforum.com/community/attachments/59817/}
}

@online{url1f2a4a01,
    url = {https://www.ncbi.nlm.nih.gov/books/NBK519584/}
}