@online{url5402b261,
    url = {https://academic.oup.com/jes/article/6/1/bvab179/6444198}
}

@online{urlbbd6986f,
    url = {https://www.wcvb.com/article/type-1-diabetes-treatment-umass-professor-december-22-2021/38596581}
}

@online{url963e90e2,
    url = {https://pubmed.ncbi.nlm.nih.gov/16000557/}
}

@online{url2c596230,
    url = {https://bloodcancerdiscov.aacrjournals.org/content/3/1/50}
}

@online{url932n92n0,
    url = {https://www.statnews.com/2019/06/25/alzheimers-cabal-thwarted-progress-toward-cure/}
}

@online{url90n2ap92m,
    url = {https://www.thecentersquare.com/indiana/indiana-life-insurance-ceo-says-deaths-are-up-40-among-people-ages-18-64/article_71473b12-6b1e-11ec-8641-5b2c06725e2c.html}
}

@online{url9023ld2n,
    url = {https://www.vice.com/en/article/z3n5aj/loneliness-epidemic-young-people}
}

@online{url1nads902j,
    url = {https://thehiu.com/omicron-makes-bidens-vaccination-mission-obsolete/}
}

@online{url891273no,
    url = {https://interviewerpr.com/tongue-can-indicate-if-you-are-low-on-the-sunshine-which-is-vitamin-d-nutrient/}
}

@online{url89023bjk,
    url = {https://news.emory.edu/stories/2021/09/esc_left_wing_authoritarians_psychology/campus.html}
}

@online{url982bk92n,
    url = {https://www.telegraph.co.uk/money/consumer-affairs/britain-forced-go-cashless-against-will/}
}

@online{url923bnksd,
    url = {https://www.rt.com/news/550171-cdc-withholds-covid-data/}
}

@online{url9723n9dm,
    url = {https://www.sciencedirect.com/science/article/pii/S0168827822002343}
}

@online{url923nsks9,
    url = {https://medicine.washu.edu/news/men-with-low-testosterone-may-be-at-increased-risk-of-covid-19-hospitalization/}
}

@online{urln92jdnma,
    url = {https://www.cnn.com/2022/02/19/europe/jean-luc-brunel-jeffrey-epstein-death-intl/index.html}
}

@online{url912bksd9,
    url = {after the failed attempt to invade Cuba, the Central Intellige}
}

@online{url50afdd7b,
    url = {https://www.sciencedaily.com/releases/2022/01/220103145607.htm}
}

@online{urlf099c660,
    url = {https://rgd.mcw.edu/rgdweb/report/gene/main.html?id=621863}
}

@online{urldb522982,
    url = {https://www.frontiersin.org/articles/10.3389/fendo.2021.765916/full}
}

@online{url0b309608,
    url = {https://www.sciencedaily.com/releases/2021/12/211210103124.htm}
}

@online{urlb987708f,
    url = {https://queenscitizen.ca/2022/01/08/incense-based-treatment-for-multiple-sclerosis/}
}

@online{url8e3ad9e3,
    url = {https://sci-hubtw.hkvisa.net/https://doi.org/10.1016/j.ejmech.2021.113804}
}

@online{urlb2a6e52f,
    url = {https://www.amazon.com/dp/B099QQ72DN?tag=rapef020-20}
}

@online{url88406bee,
    url = {https://www.amazon.com/dp/B00LGIKHC6?tag=rapef020-20}
}

@online{url2fdeaed2,
    url = {https://www.cell.com/cell-metabolism/fulltext/S1550-4131(21)00623-9}
}

@online{url1e6c0e50,
    url = {https://twitter.com/Liberty25777608/status/1487133871883767809?t=628pdJditEVbCGjOoDi4BA&s=19}
}

@online{urla2fcbeb2,
    url = {https://www.zerohedge.com/s3/files/inline-images/Servant-Leadership-Worklplace-CYA-3.png?itok=I5gRYm_n}
}

@online{url71f2817e,
    url = {https://www.bitchute.com/video/vF5yxtp7U0p4/}
}

@online{url1811d826,
    url = {https://archive.fo/WfwtO}
}

@online{url699b5f00,
    url = {https://www.thehindu.com/sci-tech/science/muscles-starve-in-the-absence-of-vitamin-d-study-of-mice-finds/article38275243.ece}
}

@online{urle1c1b0b7,
    url = {https://www.mdlinx.com/journal-summary/treatment-with-oral-vitamin-d-alone-topical-minoxidil-or-combination-of-both-in-patients-with-female/}
}

@online{url1606aa0f,
    url = {https://onlinelibrary.wiley.com/doi/epdf/10.1111/jocd.14743}
}

@online{url32195e7b,
    url = {https://pubmed.ncbi.nlm.nih.gov/35046097/}
}

@online{url799f0e77,
    url = {https://www.aninews.in/news/science/study-finds-blood-cancer-may-stop-by-targeting-bone-cells20220121113022/}
}

@online{url1c3b679d,
    url = {https://www.sciencedirect.com/science/article/pii/S0016508521037288}
}

@online{url36120561,
    url = {https://newatlas.com/health-wellbeing/food-additive-emulsifier-cmc-gut-bacteria-inflammation/}
}

@online{url708d7b47,
    url = {https://newatlas.com/health-wellbeing/europe-ban-white-food-coloring-e171-titanium-dioxide/?itm_source=newatlas&itm_medium=article-body}
}

@online{url8efd881c,
    url = {https://ca.sports.yahoo.com/news/carboxymethyl-cellulose-market-worth-usd-091400740.html}
}

@online{urle037c91e,
    url = {https://www.gastrojournal.org/article/S0016-5085(21)03728-8/fulltext}
}

@online{url060209db,
    url = {https://raypeatforum.com/community/threads/beware-of-carboxymethylcellulose.43370/}
}

@online{urlaf42d9cc,
    url = {https://newatlas.com/e171-titanium-dioxide-gut-bacteria-microbiome/59660/?itm_source=newatlas&itm_medium=article-body}
}

@online{url15678fb7,
    url = {https://newatlas.com/health-wellbeing/e171-food-additive-gut-microbiome-inflammation-titanium-dioxide-nanoparticles/?itm_source=newatlas&itm_medium=article-body}
}

@online{url69d6adc3,
    url = {https://www.healthline.com/health/food-nutrition/cellulose-gum}
}

@online{urlb2036013,
    url = {https://www.thelancet.com/journals/lanhl/article/PIIS2666-7568(22)00001-0/fulltext}
}

@online{urlc1b7c2dc,
    url = {https://www.crookwellgazette.com.au/story/7611687/testosterone-could-be-beneficial-for-women/?cs=12}
}

@online{url705bdb4d,
    url = {https://www.thefinleycenter.com/uploads/3/7/7/4/37741423/niacin_detox.pdf}
}

@online{url0194d10c,
    url = {https://niacindetox.org/}
}

@online{urldd27e171,
    url = {https://en.wikipedia.org/wiki/Acipimox}
}

@online{url546bfed8,
    url = {https://www.nature.com/articles/s41598-021-90362-9}
}

@online{url22654d0b,
    url = {https://en.wikipedia.org/wiki/Adenosine}
}

@online{urlc859f10c,
    url = {https://en.wikipedia.org/wiki/Corilagin}
}

@online{urla365d966,
    url = {https://selfdecode.com/chemical/cynarine/}
}

@online{url94d0e62d,
    url = {https://en.wikipedia.org/wiki/Tellimagrandin_II}
}

@online{url4cfdb8a0,
    url = {https://en.wikipedia.org/wiki/Hesperetin}
}

@online{url3429160f,
    url = {https://en.wikipedia.org/wiki/Pedunculagin}
}

@online{url140ae01a,
    url = {https://www.researchgate.net/publication/24412275}
}

@online{urldd4d2205,
    url = {https://doi.org/10.1002/jpen.1169}
}

@online{urlcd305158,
    url = {https://doi.org/10.1016/j.nut.2016.04.010}
}

@online{urledaa57d7,
    url = {https://www.researchgate.net/publication/264644965}
}

@online{url093d21fb,
    url = {https://www.bmj.com/content/376/bmj-2021-066452}
}

@online{url87536366,
    url = {https://www.newscientist.com/article/2306132-vitamin-d-supplements-really-do-reduce-risk-of-autoimmune-disease/}
}

@online{url6b6b28e3,
    url = {https://researchfaculty.brighamandwomens.org/BRIProfile.aspx?id=977}
}

@online{urle93f1662,
    url = {https://www.nhs.uk/conditions/vitamins-and-minerals/vitamin-d/}
}

@online{urle81b5038,
    url = {https://raypeatforum.com/community/attachments/32958/}
}

@online{url9acbbff0,
    url = {https://selfhacked.com/blog/intermittent-fasting/}
}

@online{url2df5879f,
    url = {https://selfdecode.com/gene/il4/?utm_source=seo&utm_medium=selfhacked&utm_campaign=id00002&seg_id=01FPDDMFCA23N3R9X9663P5CY3.2704.1643522959869}
}

@online{url23e5d277,
    url = {https://selfhacked.com/blog/avoiding-sun-will-kill-14-proven-science-based-health-benefits-sun/}
}

@online{urlb562f168,
    url = {https://selfhacked.com/blog/interferon-gamma-how-to-increase-decrease-high-low-levels/}
}

@online{urlbcbfce7a,
    url = {https://selfhacked.com/blog/supplements-foods-exercise-right-type-th1-vs-th2-dominance/}
}

@online{url1e2579cd,
    url = {https://selfhacked.com/blog/interleukin-1/}
}

@online{url457e6794,
    url = {https://selfhacked.com/blog/what-it-means-to-keep-to-a-circadian-rhythm/}
}

@online{url49a04287,
    url = {https://selfhacked.com/blog/need-know-cortisol-health-effects/}
}

@online{url8dd82609,
    url = {https://selfhacked.com/blog/acupuncture-benefits-mechanisms-risks/}
}

@online{url11205663,
    url = {https://selfhacked.com/blog/30-scientifically-proven-health-benefits-glutathione/}
}

@online{urlfb0238a4,
    url = {https://selfhacked.com/blog/oxidative-stress-101/}
}

@online{url3d8b5754,
    url = {https://selfhacked.com/blog/avocado/}
}

@online{url8f68e0a7,
    url = {https://selfhacked.com/blog/apple-polyphenols/}
}

@online{urlf2cea1ad,
    url = {https://selfhacked.com/blog/bromelain-benefits/}
}

@online{urlf7a734c8,
    url = {https://selfhacked.com/blog/olive-oil/}
}

@online{urlf1eb0c79,
    url = {https://selfhacked.com/blog/top-28-scientific-benefits-of-the-panacea-black-cumin-seed-nigella-sativa/}
}

@online{urlbc34fd03,
    url = {https://selfhacked.com/blog/6-evening-primrose-oil-uses-benefits-side-effects-dosage/}
}

@online{url480947b7,
    url = {https://selfhacked.com/blog/top-15-proven-scientific-reasons-spice-life-cinnamon-references/}
}

@online{urla3710f43,
    url = {https://selfhacked.com/blog/cardamom-benefits/}
}

@online{url614c83cf,
    url = {https://selfhacked.com/blog/fennel-benefits/}
}

@online{url243c27e4,
    url = {https://selfhacked.com/blog/importance-real-vitamin-retinol/}
}

@online{url50d3421e,
    url = {https://selfhacked.com/blog/top-22-science-based-health-benefits-of-fish-oil/}
}

@online{urld6002f15,
    url = {https://selfhacked.com/blog/calcium-101/}
}

@online{url7db85668,
    url = {https://selfhacked.com/blog/chromium/}
}

@online{urleb6f476c,
    url = {https://selfhacked.com/blog/supplements-lifestyle-factors-influence-tnf-interleukin-6-il-6/}
}

@online{urldd3d3cdb,
    url = {https://selfhacked.com/blog/manganese/}
}

@online{url91f77f74,
    url = {https://selfhacked.com/blog/top-18-scientific-health-benefits-choline-cdp-choline-alpha-gpc/}
}

@online{url0ea6c601,
    url = {https://selfhacked.com/blog/cannabidiol-cbd/}
}

@online{url30b62ab4,
    url = {https://selfhacked.com/blog/cbd-oil/}
}

@online{urlbb4ad882,
    url = {https://selfhacked.com/blog/curcumin-cures-top-15-scientifically-proven-health-benefits-with-references/}
}

@online{url1fb21dde,
    url = {https://selfhacked.com/blog/olive-leaf-extract-10-unexpected-health-benefits/}
}

@online{url9fa8d954,
    url = {https://selfdecode.com/gene/IFNG/?seg_id=01FPDDMFCA23N3R9X9663P5CY3.2704.1643522959869}
}

@online{url4db29981,
    url = {https://selfhacked.com/blog/top-12-scientific-benefits-of-andrographis-paniculata-including-dosage-safety-and-side-effects/}
}

@online{urla2e701f7,
    url = {http://selfdecode.com/gene/il2/?seg_id=01FPDDMFCA23N3R9X9663P5CY3.2704.1643522959869}
}

@online{urlfdd09a13,
    url = {https://selfhacked.com/blog/top-15-scientific-health-benefits-of-resveratrol-with-references/}
}

@online{url280dffef,
    url = {https://selfhacked.com/blog/top-11-scientific-health-benefits-pregnenolone-including-drawbacks/}
}

@online{url6afc964b,
    url = {https://selfhacked.com/blog/green-tea/}
}

@online{urla33a6591,
    url = {https://selfhacked.com/blog/supplements-people-th2-dominant/}
}

@online{url23539f05,
    url = {https://selfhacked.com/blog/boswellia/}
}

@online{url913c864f,
    url = {https://selfhacked.com/blog/theaflavins/}
}

@online{urlddad375b,
    url = {http://selfdecode.com/gene/il5/?utm_source=seo&utm_medium=selfhacked&utm_campaign=id00002&seg_id=01FPDDMFCA23N3R9X9663P5CY3.2704.1643522959869}
}

@online{urldd684381,
    url = {https://selfhacked.com/blog/15-science-based-health-benefits-fisetin-1-favorite/}
}

@online{urlf8e2bfcc,
    url = {https://selfhacked.com/blog/bile-supplements/}
}

@online{urlf6ee044c,
    url = {https://selfhacked.com/blog/icariin/}
}

@online{url83b989e4,
    url = {https://selfhacked.com/blog/probiotics-good-bacteria/}
}

@online{urlc49a4ea2,
    url = {https://selfhacked.com/blog/l-lactis/}
}

@online{url743242f2,
    url = {https://selfhacked.com/blog/health-benefits-l-plantarum/}
}

@online{urlf61f9aac,
    url = {https://selfhacked.com/blog/b-longum/}
}

@online{urlb9ec5a42,
    url = {https://selfhacked.com/blog/b-bifidum/}
}

@online{url6d3bca2f,
    url = {https://selfhacked.com/blog/b-breve/}
}

@online{url8da466b0,
    url = {https://selfhacked.com/blog/s-boulardii/}
}

@online{url57bf62ef,
    url = {https://selfhacked.com/blog/uric-acid-correlated-iq-productivity-lifespan-likely-causal/}
}

@online{url07dd5938,
    url = {https://selfhacked.com/blog/hydrogen-water/}
}

@online{urldaaf18d9,
    url = {https://selfhacked.com/blog/milk-thistle/}
}

@online{url8538d3cf,
    url = {https://selfhacked.com/blog/ursolic-acid/}
}

@online{urlcbf48a56,
    url = {https://selfhacked.com/blog/rhubarb/}
}

@online{urla5a846af,
    url = {https://selfhacked.com/blog/theanine/}
}

@online{url9f7b6554,
    url = {https://selfhacked.com/blog/19-health-benefits-of-berberine-with-references/}
}

@online{url811759fe,
    url = {https://selfhacked.com/blog/health-benefits-of-forskolin/}
}

@online{urle7afc9a1,
    url = {https://selfhacked.com/blog/glucosamine/}
}

@online{url49e46505,
    url = {https://selfhacked.com/blog/ginkgo-biloba/}
}

@online{urlad4a3e17,
    url = {https://selfhacked.com/blog/american-ginseng/}
}

@online{urlad143f51,
    url = {https://selfhacked.com/blog/ginseng/}
}

@online{urld81b7c27,
    url = {https://selfhacked.com/blog/stinging-nettle/}
}

@online{urlda5e506f,
    url = {https://selfhacked.com/blog/feverfew-benefits/}
}

@online{urlf0e99456,
    url = {https://selfhacked.com/blog/lipoic-acid/}
}

@online{urlad1450ea,
    url = {https://selfhacked.com/blog/artemisinin/}
}

@online{url0719b434,
    url = {https://selfhacked.com/blog/astaxanthin/}
}

@online{url155ca077,
    url = {https://selfhacked.com/blog/saint-johns-wort/}
}

@online{url3ba7a9f9,
    url = {https://selfhacked.com/blog/hops-16-promising-benefits-side-effects/}
}

@online{url805f98c9,
    url = {https://selfhacked.com/blog/synephrine/}
}

@online{url364b7c16,
    url = {https://selfhacked.com/blog/caffeine-benefits/}
}

@online{url8e3e1ad1,
    url = {https://selfhacked.com/blog/35proven-health-benefits-vitamin-d-part-1/}
}

@online{url32afd4ec,
    url = {https://selfhacked.com/blog/melatonin/}
}

@online{url35599213,
    url = {https://selfhacked.com/blog/top-11-science-based-health-benefits-apigenin/}
}

@online{url200f264c,
    url = {https://selfhacked.com/blog/top-11-science-based-health-benefits-luteolin/}
}

@online{url41d815a9,
    url = {https://selfhacked.com/blog/myricetin-benefits/}
}

@online{url498d1893,
    url = {https://selfhacked.com/blog/grapefruit/}
}

@online{url232053cb,
    url = {https://selfhacked.com/blog/rutin/}
}

@online{urle640524e,
    url = {https://selfhacked.com/blog/chrysin/}
}

@online{urlcaf6de7a,
    url = {https://selfhacked.com/blog/baicalein-baicalin-top-7-health-benefits-flavanoid/}
}

@online{urlee346458,
    url = {https://selfhacked.com/blog/chlorogenic-acid/}
}

@online{urld87d4ce2,
    url = {https://selfhacked.com/blog/oregano/}
}

@online{urld30e1973,
    url = {https://selfhacked.com/blog/garlic-health-benefits/}
}

@online{url53111666,
    url = {https://selfhacked.com/blog/top-21-science-based-health-benefits-progesterone-4-drawbacks/}
}

@online{url68ed85c0,
    url = {https://selfhacked.com/blog/il-10/}
}

@online{url84b2b8ae,
    url = {https://selfhacked.com/blog/testosterone-will-add/}
}

@online{urlc3a5aa06,
    url = {https://selfhacked.com/blog/estradiol/}
}

@online{urlc723c7ba,
    url = {https://selfhacked.com/blog/insulin-101/}
}

@online{url3331ffd1,
    url = {https://selfhacked.com/blog/acth/}
}

@online{urld8e5a384,
    url = {https://selfhacked.com/blog/alpha-msh-its-role-in-weight-control-autoimmunity-cirs-and-cfs/}
}

@online{url77eafac6,
    url = {https://selfhacked.com/blog/trh/}
}

@online{url526953a3,
    url = {https://selfhacked.com/blog/somatostatin-function-benefits/}
}

@online{url55aeabf4,
    url = {https://selfhacked.com/blog/norepinephrine-stress-hormone/}
}

@online{url67d5a7a3,
    url = {https://selfhacked.com/blog/how-to-increase-serotonin}
}

@online{url2a669f04,
    url = {http://selfdecode.com/gene/ptges2/?utm_source=seo&utm_medium=selfhacked&utm_campaign=id00002&seg_id=01FPDDMFCA23N3R9X9663P5CY3.2704.1643522959869}
}

@online{urla65873df,
    url = {https://selfhacked.com/blog/dopamine/}
}

@online{url29339ac7,
    url = {https://selfhacked.com/blog/histamine/}
}

@online{urlec21d6aa,
    url = {https://selfhacked.com/blog/natural-ways-to-increase-gaba/}
}

@online{urlc919cbda,
    url = {https://selfhacked.com/blog/top-22-scientific-health-benefits-low-dose-naltrexone/}
}

@online{urla25bf5c0,
    url = {https://selfhacked.com/blog/ketamine/}
}

@online{urld2ad2a0b,
    url = {https://selfhacked.com/blog/depakote/}
}

@online{url4983be5d,
    url = {https://selfhacked.com/blog/uses-benefits-metformin/}
}

@online{url4a3f41e7,
    url = {https://www.newscientist.com/article/2256971-the-health-benefits-of-sunlight-can-vitamin-d-help-beat-coronavirus/}
}

@online{urla6f502f3,
    url = {https://www.newscientist.com/article/mg24833060-200-do-potatoes-and-tomatoes-make-rheumatoid-arthritis-worse/}
}

@online{url0777cf70,
    url = {https://en.wikipedia.org/wiki/Obesity_paradox}
}

@online{url3a0a2b84,
    url = {https://diabetesjournals.org/diabetes/article-abstract/doi/10.2337/db21-0535/139309/Lactate-is-a-Key-Mediator-That-Links-Obesity-to?redirectedFrom=fulltext}
}

@online{urlea716066,
    url = {http://haidut.me/?p=171}
}

@online{url5f549411,
    url = {https://www.cnn.com/2020/12/17/europe/france-jean-luc-brunel-intl/index.html}
}

@online{urlefa9c8cb,
    url = {https://www.cnn.com/2022/01/03/us/jeffrey-epstein-officers-dismissed-charges-judge/index.html}
}

@online{urlf7d2451e,
    url = {http://www.youtube.com/watch?v=LNAwUxZ5nfw&t=1m15s}
}

@online{urla3f8ffbd,
    url = {https://www.voltairenet.org/article215489.html}
}

@online{url08a3f9e8,
    url = {https://twitter.com/DrNaved13/status/1565789094977863683?s=20&t=psId9fAJtPSK9kX5w_bZxA}
}

@online{url47fb29bf,
    url = {https://www.cell.com/cell-metabolism/fulltext/S1550-4131(22)00005-5}
}

@online{url830658f7,
    url = {https://pdfs.semanticscholar.org/f716/a5006ec75c1ec64fa0e46d09ad9cabda5ecd.pdf}
}

@online{url037c1a30,
    url = {https://raypeatforum.com/community/threads/taurine-and-t3-as-treatment-for-multiple-sclerosis-ms.21369/}
}

@online{urle4c19d92,
    url = {https://today.wayne.edu/news/2022/01/03/the-runners-high-may-result-from-molecules-called-cannabinoids-the-bodys-own-version-of-thc-and-cbd-46709}
}

@online{url245a3b2d,
    url = {https://www.ncbi.nlm.nih.gov/pmc/articles/PMC4543605/}
}

@online{url49075f83,
    url = {https://academic.oup.com/plcell/advance-article/doi/10.1093/plcell/koac017/6515243}
}

@online{url38b8ab5c,
    url = {https://phys.org/news/2022-01-boosted-mitochondrial-capacity-safeguards-cells.html}
}

@online{urlf9e7e0e2,
    url = {https://phys.org/tags/animal+cells/}
}

@online{urlde59e622,
    url = {https://phys.org/tags/endoplasmic+reticulum/}
}

@online{url3b24554d,
    url = {https://phys.org/tags/protein/}
}

@online{urlbb47c67f,
    url = {https://phys.org/tags/mitochondria/}
}

@online{url60f2a32d,
    url = {https://phys.org/tags/cells/}
}

@online{url65ac78bd,
    url = {https://www.ncbi.nlm.nih.gov/pmc/articles/PMC3909715/}
}

@online{url328da64b,
    url = {https://www.researchgate.net/publication/327325780}
}

@online{url16626f54,
    url = {https://www.ncbi.nlm.nih.gov/pmc/articles/PMC6893534/}
}

@online{url8de2a472,
    url = {https://phys.org/tags/reductive+stress/}
}

@online{url76fcecaa,
    url = {https://www.functionalps.com/blog/2012/03/19/ray-peat-phd-on-coconut-oil/}
}

@online{urlcd3f7485,
    url = {https://doi.org/10.1186/s12917-021-02855-4}
}

@online{url440dadc6,
    url = {https://www.researchgate.net/publication/7166373}
}

@online{url7d9c3f9e,
    url = {https://doi.org/10.1007/s42000-019-00125-5}
}

@online{urld4cc6efb,
    url = {https://williamfkoch.com/kochs-publications-1912-1939/1938-natural-immunity-via-aerobic-glycolysis/}
}

@online{url91ee8196,
    url = {https://www.nytimes.com/2022/02/20/health/covid-cdc-data.html}
}

@online{url81dda426,
    url = {https://twitter.com/emilyakopp/status/1495904581833969666}
}

@online{url2d9dd948,
    url = {http://dx.doi.org/10.7554/eLife.72595}
}

@online{urlffaed08d,
    url = {https://www.sciencedaily.com/releases/2022/03/220324104443.htm}
}

@online{url9931ea60,
    url = {https://universityofcalifornia.edu/news/fight-diseases-aging-scientist-makes-aging-itself-target}
}

@online{url65a28adc,
    url = {https://medschool.ucla.edu/}
}

@online{urlc987237c,
    url = {https://www.functionalps.com/blog/2012/02/01/ray-peat-phd-quotes-relating-to-exercise/}
}

@online{url3ae22c27,
    url = {http://dx.doi.org/10.1016/j.neubiorev.2022.104584}
}

@online{url1b2070b7,
    url = {https://medicalxpress.com/news/2022-03-exploring-effects-steroids-cocaine-use-behaviors.html}
}

@online{url7eb301e9,
    url = {https://www.medscape.com/viewarticle/970059}
}

@online{urlf32abc78,
    url = {https://www.biorxiv.org/content/10.1101/2022.03.02.482639v1}
}

@online{urlf7575445,
    url = {https://www.researchgate.net/publication/319208977}
}

@online{url37a26f7e,
    url = {https://raypeatforum.com/community/attachments/34593/}
}

@online{urlcd7687f9,
    url = {https://stephanieseneff.net/sars-cov-2-vaccines-and-neurodegenerative-disease/}
}

@online{urld7a12ffa,
    url = {https://www.youtube.com/watch?v=4G0KEwsR5XI}
}

@online{urla433862f,
    url = {https://twitter.com/hashtag/Pfizer?src=hashtag_click}
}

@online{url801c0359,
    url = {https://raypeatforum.com/community/attachments/34616/}
}

@online{url6cfcebca,
    url = {https://twitter.com/DowdEdward/status/1501992208727085064}
}

@online{url3fe3cab2,
    url = {https://www.ncbi.nlm.nih.gov/pmc/articles/PMC6045779/}
}

@online{url71ed2f59,
    url = {https://www.consultant360.com/search/google/pulmonary vasculature?query=pulmonary vasculature&cx=012264238924260504643:uiebbyy8hja&cof=FORID:11&sitesearch=}
}

@online{urlcdb205a0,
    url = {https://www.consultant360.com/search/google/spirometry?query=spirometry&cx=012264238924260504643:uiebbyy8hja&cof=FORID:11&sitesearch=}
}

@online{url3d330b9e,
    url = {https://raypeatforum.com/wiki/index.php/Ray_Peat_Email_Exchanges}
}

@online{url15fa2a20,
    url = {https://www.ncbi.nlm.nih.gov/pmc/articles/PMC6831920/}
}

@online{url7d36a26c,
    url = {https://www.ncbi.nlm.nih.gov/pmc/articles/PMC4718929/}
}

@online{url7fb2baac,
    url = {https://erj.ersjournals.com/content/49/5/1601162}
}

@online{urlc745f6a3,
    url = {https://academic.oup.com/jcem/advance-article-abstract/doi/10.1210/clinem/dgac149/6547256?login=false}
}

@online{url67cc4eb6,
    url = {https://medicaldialogues.in/diabetes-endocrinology/news/endotoxin-biomarkers-associated-with-obesity-and-cardiometabolic-risk-in-youth-study-reveals-90599}
}

@online{url22ad8028,
    url = {https://pubmed.ncbi.nlm.nih.gov/26926175/}
}

@online{urlf3f8d194,
    url = {https://pubmed.ncbi.nlm.nih.gov/29770393/}
}

@online{urlf5986aec,
    url = {https://pubmed.ncbi.nlm.nih.gov/22359368/}
}

@online{url32720f65,
    url = {https://pubmed.ncbi.nlm.nih.gov/16437098/}
}

@online{url7af9c9b1,
    url = {https://en.wikipedia.org/wiki/Bile_acid_sequestrant}
}

@online{url7407d0a5,
    url = {https://en.wikipedia.org/wiki/Choleretic#:~:text=Choleretics are substances that increase,the amount of solids secreted.}
}

@online{urlb2ffd11e,
    url = {https://twitter.com/danielvelez/status/1470632572652826624}
}

@online{url19afd652,
    url = {https://d1wqtxts1xzle7.cloudfront.net/38262624/615-libre.pdf?1437589130=&response-content-disposition=inline;+filename=Taurine_blunts_LPS_induced_increases_in.pdf&Expires=1649962867&Signature=gLHV3ImO8OkbxE~OdfyA~NV6jD5oxwCSlymDMWNEkUWEGcHPeZYBF6cRjNZDJc9PLbKs7xCfqQm7kv2dGKzneBCW3IQi-fLimy8ZZ0LYwwNMo8Ul9KLzp8tOXMRIDTyCuFbziwOI9CCu6u~bg7quXopqTepTvDQz3fAgl0nYcPbUy8bHvL0L-MNY3drUseNfdkOMSZ6pkRmO3TT9gdk4irxNKHA5KVzCgzXWR92WhTwAxIYDx6zV2NhnLt0JpXEYwdFxdQHJMvNLAPkXuw7Ek2NqtdNQ3Zz4eRs~LhQ-Qgxm-7s242H~VDrwmNbLXeNM1qxmTRq5~sJYpd7UdRD49A__&Key-Pair-Id=APKAJLOHF5GGSLRBV4ZA}
}

@online{url93246564,
    url = {https://academicjournals.org/journal/AJPP/article-abstract/5C28AE835009}
}

@online{urle42e6274,
    url = {https://link.springer.com/chapter/10.1007/978-1-4614-6130-2_9}
}

@online{url4d8f84e8,
    url = {https://www.spandidos-publications.com/mmr/16/5/6512}
}

@online{url6901bede,
    url = {https://www.sciencedirect.com/science/article/pii/S1043661809001509}
}

@online{url71e822ce,
    url = {https://www.youtube.com/watch?v=JLt-8uF1bkY&ab_channel=MyCYP450}
}

@online{urld33f48f6,
    url = {https://www.researchgate.net/publication/journal/Journal-of-Nutritional-Therapeutics-1929-5634}
}

@online{url2310dca7,
    url = {http://dx.doi.org/10.6000/1929-5634.2015.04.03.5}
}

@online{urld710bfbe,
    url = {http://dx.doi.org/10.1523/JNEUROSCI.1870-21.2022}
}

@online{url87fef4d1,
    url = {https://www.eurekalert.org/news-releases/947339}
}

@online{urla6314a45,
    url = {http://dx.doi.org/10.1210/endocr/bqz044}
}

@online{url14ddaac6,
    url = {https://www.sciencedaily.com/releases/2020/01/200117080827.htm}
}

@online{url3e301f9f,
    url = {https://constitution.congress.gov/constitution/amendment-1/}
}

@online{url75fda9bb,
    url = {https://stateofthenation.co/wp-content/uploads/2021/10/PCR-Tests-and-the-Depopulation-Program.pdf}
}

@online{url43591449,
    url = {https://twitter.com/MicahPollak/status/1477727474003894274?s=20}
}

@online{url9ddf5ba8,
    url = {https://www.indystar.com/story/news/crime/2021/12/28/fentanyl-how-opioid-has-flooded-indianapolis-streets/6496968001/}
}

@online{url1cdf79c9,
    url = {https://raypeatforum.com/community/threads/latest-hoax-to-cover-up-vax-induced-coronary-heart-failure.44216/}
}

@online{url35229ef8,
    url = {https://www.amazon.com/dp/1637583192?tag=rapef020-20}
}

@online{urlb00ae7bf,
    url = {https://dailyexpose.uk/2021/11/01/dr-mike-yeadon-just-when-you-though-things-couldnt-get-any-worse/}
}

@online{urlc3358812,
    url = {https://raypeatforum.com/community/attachments/31963/}
}

@online{urldacdc290,
    url = {https://raypeatforum.com/community/threads/unprecedented-mortality-jump-in-18-64-age-group-not-due-to-covid-19.44526/post-753565}
}

@online{url7445e194,
    url = {https://raypeatforum.com/community/threads/crimes-against-humanity-dr-reiner-fuellmich.39873/page-3}
}

@online{url50ed9573,
    url = {https://raypeatforum.com/community/attachments/31972/}
}

@online{url2ce11239,
    url = {https://www.bitchute.com/video/8jcXAnJWpY37/}
}

@online{url8cf1317b,
    url = {https://www.qcc.cuny.edu/socialsciences/ppecorino/medical_ethics_text/Chapter_3_Moral_Climate_of_Health_Care/Reading-Death-Rate-Doctor-Strike.htm}
}

@online{url8c86ecef,
    url = {https://www.skirsch.com/covid/Deaths.pdf}
}

@online{urledb27703,
    url = {https://jamanetwork.com/journals/jama/fullarticle/2777417}
}

@online{urle66ba0cb,
    url = {https://openvaers.com/covid-data}
}

@online{urlc19478f1,
    url = {https://vaers.hhs.gov/about.html}
}

@online{url07376834,
    url = {https://academic.oup.com/cid/article/61/6/864/451758}
}

@online{url5fcb3767,
    url = {https://www.skirsch.com/covid/URF.pdf}
}

@online{url98c98d5f,
    url = {https://www.sciencedirect.com/science/article/pii/S0264410X20312548?via=ihub}
}

@online{url840c0056,
    url = {https://stevekirsch.substack.com/p/its-time-for-john-su-to-go}
}

@online{url09c444e5,
    url = {https://stevekirsch.substack.com/p/dr-john-su-isnt-answering-me-can}
}

@online{url04aaf234,
    url = {https://stevekirsch.substack.com/p/dr-john-su-interview-request/}
}

@online{url2d83bd78,
    url = {https://tobyrogers.substack.com/p/what-is-the-number-needed-to-vaccinate}
}

@online{urld7d51abd,
    url = {https://stevekirsch.substack.com/p/estimated-1-in-95-boys-diagnosed}
}

@online{urlb1e71b54,
    url = {https://openvaers.com/}
}

@online{url8cd266cf,
    url = {https://cdn.substack.com/image/fetch/f_auto,q_auto:good,fl_progressive:steep/https://bucketeer-e05bbc84-baa3-437e-9518-adb32be77984.s3.amazonaws.com/public/images/06cba6ed-c7c5-4f9e-b24a-f58ef7fe1e71_976x1555.png}
}

@online{url0b873b7f,
    url = {https://stevekirsch.substack.com/p/my-interview-with-dr-ted-kreitzman}
}

@online{url3f52dc2b,
    url = {https://stevekirsch.substack.com/p/yet-another-independent-study-confirms}
}

@online{url06bdcc29,
    url = {https://cdn.substack.com/image/fetch/f_auto,q_auto:good,fl_progressive:steep/https://bucketeer-e05bbc84-baa3-437e-9518-adb32be77984.s3.amazonaws.com/public/images/299b86ab-90cb-48af-8866-37263d748d1c_580x383.png}
}

@online{url71323820,
    url = {https://cdn.substack.com/image/fetch/f_auto,q_auto:good,fl_progressive:steep/https://bucketeer-e05bbc84-baa3-437e-9518-adb32be77984.s3.amazonaws.com/public/images/f07fad90-e680-447c-8338-5f518e203741_815x889.png}
}

@online{url0ac989dc,
    url = {https://cdn.substack.com/image/fetch/f_auto,q_auto:good,fl_progressive:steep/https://bucketeer-e05bbc84-baa3-437e-9518-adb32be77984.s3.amazonaws.com/public/images/2d17c7a6-c150-46a1-8b2b-f5fed4687aab_1378x1109.png}
}

@online{urldb0fc92a,
    url = {https://twitter.com/ZDoggMD}
}

@online{urlac7b90d1,
    url = {https://twitter.com/dr_kkjetelina}
}

@online{urlb723359c,
    url = {https://www.dbei.med.upenn.edu/bio/jeffrey-s-morris-phd}
}

@online{urld1de5435,
    url = {https://stevekirsch.substack.com/p/is-professor-jeffrey-morris-the-truth}
}

@online{url5614a110,
    url = {https://cormack.uwaterloo.ca/}
}

@online{url3736ba1e,
    url = {https://stevekirsch.substack.com/p/wed-love-to-have-a-debate}
}

@online{urlda40162e,
    url = {https://www.heise.de/tp/features/Niederlaendische-Regierung-haelt-Daten-zur-Uebersterblichkeit-zurueck-6319142.html}
}

@online{url2dfecd44,
    url = {https://7argumente.de/}
}

@online{url40f311cf,
    url = {https://raypeatforum.com/community/attachments/32153/}
}

@online{urlcdd0875f,
    url = {https://raypeatforum.com/community/threads/the-unvaccinated-will-be-blamed.40425/post-756240}
}

@online{url1fce5224,
    url = {https://www.researchgate.net/profile/Kyle-Beattie/publication/356248984_Worldwide_Bayesian_Causal_Impact_Analysis_of_Vaccine_Administration_on_Deaths_and_Cases_Associated_with_COVID-19_A_BigData_Analysis_of_145_Countries/links/61931b0507be5f31b78710a8/Worldwide-Bayesian-Causal-Impact-Analysis-of-Vaccine-Administration-on-Deaths-and-Cases-Associated-with-COVID-19-A-BigData-Analysis-of-145-Countries.pdf}
}

@online{url6e743bc2,
    url = {https://raypeatforum.com/community/attachments/32154/}
}

@online{url8fa68d95,
    url = {https://rairfoundation.com/alert-japan-places-myocarditis-warning-on-vaccines-requires-informed-consent/}
}

@online{urle42eb3bf,
    url = {https://coronawise.substack.com/p/japans-enlightened-covid-policy}
}

@online{url5a1be8bd,
    url = {https://www.youtube.com/redirect?event=video_description&redir_token=QUFFLUhqbXh3dFpTQWpUWEFKcEp2eHdBd1dTMEV5SlJLZ3xBQ3Jtc0tsVkdjeTl2b1dYWGV1d2hXT1FuRlV0bE12Vm14ZWwtM3dvdmZrVWljT3JXamhib1FTTDFyOXZNSlBSZ0hOVjlvcV8xYURnUGFwNjZBNG5LamR5UENMcGRuakJXdDBaTjJOR1BoUEpUaHJHXzMtZ3lBVQ&q=https://www.ons.gov.uk/peoplepopulationandcommunity/healthandsocialcare/conditionsanddiseases/articles/coronaviruscovid19/latestinsights}
}

@online{urlf799dda4,
    url = {https://www.youtube.com/redirect?event=video_description&redir_token=QUFFLUhqbGxQb2dlZW8tTnZVY08yd3k1WFo2SzMybEc1d3xBQ3Jtc0trUDk3TEdYMnROX1BJZzFNMlFUSGI1Y01QWms2WWtWdVRaeWxvdm9jcHp0QjNTLVd3cjdXTkEtYThoQThGS1FfM0R5d1JqTjllMkk0NWtsNng1OVJCcVhoMENBcmpacWdUR2hEanQtTW93ckdTZjZ2TQ&q=https://coronavirus.data.gov.uk/details/deaths}
}

@online{url8896ad2d,
    url = {https://www.youtube.com/redirect?event=video_description&redir_token=QUFFLUhqa0lkZDJMY1RGZXVxMnYtQzVpZHVTTHNOcm02Z3xBQ3Jtc0traWNKcDgyRS1FbFMtTVQ1NXBEb0h0NmZ0QU96SUZKc19kVG1QR19VTzRGMm5oa0NraVJPSFFPV0cwdW5TLWF0QVYxVkFld1JrZVJJek1pNnNseTRoRjRRbTIzTUhRVDhCTi14VHc4QjktRXlLc25LNA&q=https://www.ons.gov.uk/aboutus/transparencyandgovernance/freedomofinformationfoi/deathsfromcovid19withnootherunderlyingcauses?s=09}
}

@online{url041f1a13,
    url = {https://www.youtube.com/redirect?event=video_description&redir_token=QUFFLUhqbEg1Y0FsNkZ1ZzVudGJaSGZWcUdqUFZIYjJqQXxBQ3Jtc0trOXY0a3o4TkdjS3NfWHkxX0RLSlctSUZkUUVhUmRUblVxSk5aZG5UYmw4ZkdYWHBULXZaRXNHMElNU1BYNzk1RFVtNGctdDhadUUwaVhUeGhzOThscXM5VTVKY2RrVXF3bExpWU1QaUpUQnN0U3ByTQ&q=https://www.ons.gov.uk/peoplepopulationandcommunity/birthsdeathsandmarriages/lifeexpectancies/bulletins/nationallifetablesunitedkingdom/2018to2020}
}

@online{urlc5e6f20e,
    url = {https://www.youtube.com/redirect?event=video_description&redir_token=QUFFLUhqazVNT3NYRkhDXzhHV2dPSTJMNldvaHJReHFLZ3xBQ3Jtc0ttU0N4QjNTOS03MUpOd2tSUkJCaV8wYzgyZmtSQjg2VTI1YjZKWE9oVFQ3ZFBPM2dxUjRFUndnVm9JUE9OSmtjX3d4S2lWeUpUbFJkY1h4Q1Vna3VaZnA2aTFLQkdZSzAwTmVjM0RQWEotdTY3S2FPWQ&q=https://coronavirus.data.gov.uk/details/deaths}
}

@online{urla4ccb631,
    url = {https://www.youtube.com/watch?v=U90eDxJV_9k&t=0s}
}

@online{urld500c81a,
    url = {https://www.bitchute.com/video/gmmMyemCpjFm/}
}

@online{url003bf21f,
    url = {https://raypeatforum.com/community/attachments/32894/}
}

@online{urlfd5d3721,
    url = {https://raypeatforum.com/community/threads/videos-articles-graphs-showing-true-harm-of-covid-shots-to-help-friends-and-family-members-refuse-the-covid-shot.40066/page-27}
}

@online{url45ec9909,
    url = {https://howbad.info/sweden.html}
}

@online{url10614fdc,
    url = {https://twitter.com/USMortality/status/1486735522672218119?t=4OMslbOjyLpiyxst6T_wMQ&s=19}
}

@online{url8a6369f7,
    url = {https://www.researchgate.net/publication/355581860_COVID_vaccination_and_age-stratified_all-cause_mortality_risk}
}

@online{url9baa203a,
    url = {https://twitter.com/elonmusk/status/1486827458632503297?t=aGtZlk4qf-msiOvtehkw2g&s=19}
}

@online{url8ff7ea07,
    url = {https://twitter.com/elonmusk/status/1486822755546845187?t=bHmpQGA1k7QHttFwKy0h3Q&s=19}
}

@online{url5598aaa4,
    url = {https://twitter.com/elonmusk/status/1486775573779292162?t=RzPj29LdA_mOLrUDxfpQ7w&s=19}
}

@online{url9f2d8a45,
    url = {https://www.ons.gov.uk/aboutus/transparencyandgovernance/freedomofinformationfoi/covid19deathsandautopsiesfeb2020todec2021}
}

@online{urlda59c231,
    url = {https://twitter.com/johnruddick2/status/1490875000496132100?s=21}
}

@online{urld6d64a55,
    url = {https://mobile.twitter.com/Sander_2021/status/1489746293002022912}
}

@online{url60397b37,
    url = {https://thelightpaper.co.uk/assets/pdf/Light-18.pdf}
}

@online{url18e2afc8,
    url = {https://principia-scientific.com/coronavirus-vaccine-deaths-not-covered-by-life-insurance/}
}

@online{url5c06931e,
    url = {https://www.nrscotland.gov.uk/covid19stats}
}

@online{urlac8ecb29,
    url = {https://www.conservativewoman.co.uk/are-vaccines-driving-excess-deaths-in-scotland-a-professor-of-biology-asks/}
}

@online{url4786cf56,
    url = {https://www.economist.com/graphic-detail/coronavirus-excess-deaths-tracker}
}

@online{url62e453d4,
    url = {https://www.bitchute.com/video/QXeMbhdOVszV/}
}

@online{urlf7c32e06,
    url = {https://drive.google.com/file/d/1cXyMUS9Zgh-bKvAXwQowDmo0TwXB__xl/view?usp=sharing}
}

@online{urla104f678,
    url = {https://docs.google.com/spreadsheets/d/1YuOZc18rDPrAm0m-ZSNBr-PP5UNB5hgO/edit?usp=sharing&ouid=102508637332082078134&rtpof=true&sd=true}
}

@online{urlce492228,
    url = {https://rumble.com/vpg1rt-prof.-richard-ennos-interview-why-so-many-excess-deaths.html}
}

@online{url3256da0e,
    url = {https://raypeatforum.com/community/threads/winter-case-rates-highest-in-gm-humans-public-health-scotland-covid-19-winter-statistical-report.44927/}
}

@online{url5ebf6fc8,
    url = {https://twitter.com/DrEliDavid/status/1562144872013897728}
}

@online{url313a31a0,
    url = {https://raypeatforum.com/community/attachments/41057/}
}

@online{url99e32174,
    url = {https://journals.lww.com/menopausejournal/Fulltext/2021/10000/Reproductive_period_and_preclinical_cerebrospinal.6.aspx}
}

@online{url502130bd,
    url = {https://www.medpagetoday.com/neurology/alzheimersdisease/93486}
}

@online{url0d35bf90,
    url = {http://dx.doi.org/10.1111/sms.14143}
}

@online{url49ff908a,
    url = {https://bmccomplementmedtherapies.biomedcentral.com/articles/10.1186/s12906-020-03170-5}
}

@online{urlf6a77c9f,
    url = {https://clinicaltrials.gov/ct2/show/NCT03567395}
}

@online{url24d1b0b9,
    url = {https://www.ncbi.nlm.nih.gov/pmc/articles/PMC4020454/}
}

@online{urlec0c01b0,
    url = {https://www.frontiersin.org/articles/10.3389/fnut.2022.831470/full?utm_source=fweb&utm_medium=nblog&utm_campaign=ba-sci-fnut-uk-biobank-epidemiology-vegetable-consumption-cardiovascular-disease}
}

@online{urlb7a2c430,
    url = {https://www.drlwilson.com/articles/ha intro.htm}
}

@online{url0d9bf069,
    url = {https://www.drlwilson.com/}
}

@online{urlb977092d,
    url = {https://idealabs.ecwid.com/Mineral-Analysis-hair-or-toe-nail-p439014728}
}

@online{urle8b27e16,
    url = {http://www.biomedx.com}
}

@online{url60fc2bb4,
    url = {https://raypeatforum.com/community/attachments/35883/}
}

@online{url56fb4583,
    url = {https://www.walmart.com/ip/Dr-Teal-s-Pure-Epsom-Salt-Soak-Therapeutic-Fragrance-Free-6-lbs/17325251}
}

@online{url2b0b592a,
    url = {http://prevent-alzheimers-autism-stroke.blogspot.com/2017/12/my-moms-aluminum-free-coffee-maker.html}
}

@online{url0a79950d,
    url = {https://raypeatforum.com/community/attachments/36792/}
}

@online{url6c98d9c0,
    url = {https://raypeatforum.com/community/attachments/36793/}
}

@online{urldab4968a,
    url = {https://raypeatforum.com/community/attachments/36909/}
}

@online{url86a42418,
    url = {https://raypeatforum.com/community/attachments/36910/}
}

@online{urlef720d96,
    url = {https://metabolichealing.com/htma-toxic-metals-the-ratio-between-sodium-potassium/}
}

@online{url22f71918,
    url = {https://www.htmaexperts.com/potassium-and-hair-testing/}
}

@online{urle035415e,
    url = {https://raypeatforum.com/community/threads/eugenol-helps-reduce-loss-of-dopamine-protects-from-aluminum-neuro-protective-anti-stress.35676/}
}

@online{urlc8b93b85,
    url = {https://raypeatforum.com/community/threads/is-vitamin-d-supplementation-even-neccessary.23844/post-810534}
}

@online{urlf39850f5,
    url = {https://raypeatforum.com/community/attachments/38437/}
}

@online{urlbd0e96db,
    url = {https://raypeatforum.com/community/attachments/38622/}
}

@online{url6e686bef,
    url = {https://www.ncbi.nlm.nih.gov/pubmed/3391623}
}

@online{urleb540038,
    url = {https://raypeatforum.com/community/threads/orthosilicic-acid-removes-aluminum-from-the-brains-prevents-alzheimers.21901/}
}

@online{urlead47ecb,
    url = {https://pubmed.ncbi.nlm.nih.gov/10731501/}
}

@online{urlf2c7a4c6,
    url = {https://raypeatforum.com/community/attachments/38788/}
}

@online{url15298d3e,
    url = {https://www.tandfonline.com/doi/abs/10.3109/15563658808995398?journalCode=ictx19}
}

@online{url32cd5edc,
    url = {https://raypeatforum.com/community/attachments/42103/}
}

@online{url2b51aa9f,
    url = {https://raypeatforum.com/community/attachments/42105/}
}

@online{urld7fb83f0,
    url = {https://raypeatforum.com/community/attachments/42106/}
}

@online{url01718a90,
    url = {https://raypeatforum.com/community/attachments/41433/}
}

@online{urlf0be6835,
    url = {https://www.semanticscholar.org/paper/Comparative-Effects-of-Several-Chelating-Agents-on-Domingo-Gómez/87257bd86c7d1238e4b149072b3fc16d87302c77/figure/0}
}

@online{url349c2083,
    url = {https://doi.org/10.1038/s41556-021-00837-0}
}

@online{url0714009c,
    url = {https://www.news-medical.net/news/20220215/Study-lays-the-groundwork-for-developing-novel-ways-to-promote-tissue-regeneration.aspx}
}

@online{url1a14a17c,
    url = {https://doi.org/10.3389/fimmu.2022.790444}
}

@online{url305a57b3,
    url = {https://www.nature.com/articles/s43587-021-00167-8}
}

@online{url003d2ba1,
    url = {https://medicalxpress.com/news/2022-03-treatment-older-people-eyes-due.html}
}

@online{url8053512e,
    url = {https://sci-hub.st/10.1038/hr.2011.151}
}

@online{url61dbc76b,
    url = {https://medicalxpress.com/tags/dry+eyes/}
}

@online{url6624139e,
    url = {https://medicalxpress.com/tags/hormone+production/}
}

@online{url8c8e1012,
    url = {https://medicalxpress.com/tags/enzyme+activity/}
}

@online{url397ebfa7,
    url = {https://www.dovepress.com/total-meat-intake-is-associated-with-life-expectancy-a-cross-sectional-peer-reviewed-fulltext-article-IJGM}
}

@online{urlbd7fe47c,
    url = {https://www.adelaide.edu.au/newsroom/news/list/2022/02/22/meat-eating-extends-human-life-expectancy-worldwide}
}

@online{urla2c458ec,
    url = {https://youtu.be/z3rrS3avsxk}
}

@online{url6228d6ab,
    url = {https://www.ncbi.nlm.nih.gov/pmc/articles/PMC5353360/}
}

@online{url861ec3df,
    url = {https://raypeatforum.com/community/attachments/faseb-2011-poster-pdf.13910/}
}

@online{url2bb76a72,
    url = {https://www.ncbi.nlm.nih.gov/pmc/articles/PMC3012673/}
}

@online{urlfbb75e77,
    url = {https://doi.org/10.1093/jn/116.7.1364}
}

@online{url85286ee4,
    url = {https://www.deviantart.com/ursulav/art/The-Biting-Pear-of-Salamanca-29677500}
}

@online{url6f48ef33,
    url = {https://raypeatforum.com/community/threads/a-high-carb-diet-may-explain-why-okinawans-live-so-long.27409/}
}

@online{url6eebfdde,
    url = {https://www.telegraph.co.uk/money/consumer-affairs/shoppers-say-retailers-should-forced-accept-cash/}
}

@online{urlf02eb2ac,
    url = {https://www.moneysavingexpert.com/news/2022/03/hsbc-is-going-to-close-69-of-its-branches---check-to-see-if-your/}
}

@online{urlf42cf334,
    url = {https://www.moneysavingexpert.com/news/2022/03/a-cashless-society-would-leave-10-million-people-struggling-to-c/}
}

@online{url90fe0d31,
    url = {https://www.telegraph.co.uk/money/consumer-affairs/cash-machines-face-extinction-shoppers-switch-plastic/}
}

@online{url6e856efe,
    url = {https://www.telegraph.co.uk/money/consumer-affairs/need-cash-survive-small-businesses-back-telegraph-campaign-save/}
}

@online{url5de52bcd,
    url = {https://www.bibliotecapleyades.net/sociopolitica/sociopol_globalbanking286.htm}
}

@online{url02172172,
    url = {https://raypeatforum.com/community/attachments/first_email-png.35483/}
}

@online{urlc12a2052,
    url = {https://raypeatforum.com/community/attachments/response-png.35484/}
}

@online{url07af6d09,
    url = {https://raypeatforum.com/community/attachments/35449/}
}

@online{url4f22f9da,
    url = {https://raypeatforum.com/community/attachments/35450/}
}

@online{url6c46e437,
    url = {https://pubmed.ncbi.nlm.nih.gov/34745929/}
}

@online{urld5119a8c,
    url = {https://www.wikipe.wiki/wiki/pt/Cobamamida}
}

@online{url195f1c46,
    url = {https://en.wikipedia.org/wiki/Benzocycloheptene}
}

@online{url51a84384,
    url = {https://pubmed.ncbi.nlm.nih.gov/35151861/}
}

@online{url66d5b2af,
    url = {https://medicaldialogues.in/gastroenterology/news/estrogen-only-hrt-mayincrease-complications-in-patients-of-gerd-study-suggests-90956}
}

@online{url27d1249b,
    url = {https://bjsm.bmj.com/content/early/2022/04/06/bjsports-2022-105470}
}

@online{urlcec5f172,
    url = {https://pubmed.ncbi.nlm.nih.gov/?term=Chahine+J&cauthor_id=30948517}
}

@online{urlf339206f,
    url = {https://pubmed.ncbi.nlm.nih.gov/?term=Ala+CK&cauthor_id=30948517}
}

@online{urle0d5c3fe,
    url = {https://pubmed.ncbi.nlm.nih.gov/?term=Gentry+JL&cauthor_id=30948517}
}

@online{url6ef32209,
    url = {https://pubmed.ncbi.nlm.nih.gov/?term=Pantalone+KM&cauthor_id=30948517}
}

@online{urlb187ee25,
    url = {https://pubmed.ncbi.nlm.nih.gov/?term=Klein+AL&cauthor_id=30948517}
}

@online{url47281e2c,
    url = {https://doi.org/10.1136/heartjnl-2018-314528}
}

@online{url600fe8b4,
    url = {https://www.ipsos.com/sites/default/files/ct/news/documents/2021-06/LGBT Pride 2021 Global Survey Report_3.pdf}
}

@online{url28802aa9,
    url = {https://health.ucsd.edu/news/releases/Pages/2020-07-13-human-sperm-stem-cells-grown-in-lab-early-step-toward-infertility-treatment.aspx}
}

@online{url63396f84,
    url = {https://twitter.com/libsoftiktok/status/1494575894089723905?s=21}
}

@online{url1a06b881,
    url = {https://twitter.com/libsoftiktok/status/1494063206607720449?s=21}
}

@online{url81af4609,
    url = {https://twitter.com/libsoftiktok/status/1492273924586962944?s=21}
}

@online{urlb7430970,
    url = {https://twitter.com/gprofessx/status/1493351732319072258?s=21}
}

@online{urld5fa782b,
    url = {https://twitter.com/libsoftiktok/status/1493325522352291843?s=21}
}

@online{url82721bb3,
    url = {https://m.theepochtimes.com/parents-file-lawsuit-after-12-year-old-girl-attempts-suicide-twice-at-school-after-secret-meetings_4247010.html?utm_source=News&utm_campaign=breaking-2022-02-07-1&utm_medium=email&est=nYBvcFi44p6yWefOQZFJS/vnJfMaIxdOYFP349RpGDPmHJPivmh/Ny15V3PBYA==}
}

@online{url5e1a6991,
    url = {https://www.reddit.com/r/AskReddit/comments/2t429h/nsfw_how_did_porn_get_so_weird/}
}

@online{url7bf7d857,
    url = {https://journals.sagepub.com/doi/pdf/10.1177/147470491301100202}
}

@online{urld03406bd,
    url = {https://www.abc.net.au/science/news/health/HealthRepublish_892229.htm}
}

@online{urlf8b8a29d,
    url = {https://www.washingtonpost.com/national/health-science/us-life-expectancy-declines-again-a-dismal-trend-not-seen-since-world-war-i/2018/11/28/ae58bc8c-f28c-11e8-bc79-68604ed88993_story.html}
}

@online{url1d346911,
    url = {https://citeseerx.ist.psu.edu/viewdoc/download?doi=10.1.1.846.2295&rep=rep1&type=pdf}
}

@online{urlb6a06cc1,
    url = {https://www.ncbi.nlm.nih.gov/pmc/articles/PMC1586258/pdf/brmedj01568-0031.pdf}
}

@online{url3391f4b0,
    url = {http://sci-hub.st/10.1007/s10508-016-0923-z}
}

@online{url37211d6a,
    url = {http://sci-hub.st/10.1016/0306-4530(94)90040-x}
}

@online{url67e70743,
    url = {https://banned.video/watch?id=62ba3b180dc3e84a799b6a37}
}

@online{url0b4b80b8,
    url = {https://twitter.com/JOEBOTxyz/status/1547403495048851456}
}

@online{url2385e803,
    url = {https://twitter.com/mewlingly/status/1563635825002553345?s=21&t=2matr5sYBrTILqvmsR_3Mw}
}

@online{urla1c31f8f,
    url = {https://en.wikipedia.org/wiki/Jack_Tripper}
}

@online{url7037cc41,
    url = {https://banned.video/watch?id=63160d1e5ee9fe4ac64c97df&utm_source=substack&utm_medium=email}
}

@online{url6f3b13be,
    url = {https://flgov.com/2022/03/28/governor-ron-desantis-signs-historic-bill-to-protect-parental-rights-in-education/}
}

@online{url210635c0,
    url = {https://www.youtube.com/watch?v=wc3CYUGfLBU}
}

@online{url58d36774,
    url = {https://raypeatforum.com/community/attachments/41860/}
}

@online{urlbdd40947,
    url = {https://www.dailymail.co.uk/femail/article-2751179/Are-girl-22-Then-don-t-bother-online-dating-Alarming-graph-shows-ages-attractive-opposite-sex.html}
}

@online{url5417ab49,
    url = {https://youtu.be/3lwwfCpvXnc}
}

@online{url59d8bd35,
    url = {https://www.youtube.com/watch?v=_t8ETpf2LnM}
}

@online{url6e0d1883,
    url = {https://www.drlwilson.com/Articles/POTASSIUM-TOXIC.htm}
}

@online{urled691139,
    url = {https://raypeatforum.com/community/attachments/41939/}
}

@online{url12a49e46,
    url = {https://www.drlwilson.com/Articles/DOWN SEX.htm}
}

@online{url5f01e9a6,
    url = {https://www.drlwilson.com/Articles/HUGS.htm}
}

@online{url891a0dc6,
    url = {https://www.drlwilson.com/ARTICLES/YIN DISEASE.htm}
}

@online{url1529a177,
    url = {https://twitter.com/saragonzalestx/status/1582398497185099776?s=46&t=bkJWJKdUVZ57vzS1R1BQXg}
}

@online{urlbf19eb62,
    url = {https://twitter.com/peterdukephoto/status/1623737869306331136}
}

@online{url7efe74d4,
    url = {https://pubmed.ncbi.nlm.nih.gov/35405301/}
}

@online{url8d195c83,
    url = {https://www.lifespan.io/news/toll-like-receptor-deletion-improves-memory-in-aged-mice/}
}

@online{urlf438c8d9,
    url = {https://www.pnas.org/doi/full/10.1073/pnas.1500909112}
}

@online{url9a65a1d0,
    url = {https://www.scidev.net/sub-saharan-africa/news/high-dose-vitamin-d-fight-hiv-aids/}
}

@online{url742cf1b6,
    url = {https://link.springer.com/article/10.3758/s13415-022-01001-3}
}

@online{urlcd4a2746,
    url = {https://medicalxpress.com/news/2022-04-dopamine-modulation-stress-induced-anhedonia.html}
}

@online{urlbb5e3e4a,
    url = {https://www.guidetopharmacology.org/GRAC/ObjectDisplayForward?objectId=215}
}

@online{urlaf149083,
    url = {https://onlinelibrary.wiley.com/doi/10.1002/hup.1154}
}

@online{url9dfe3a30,
    url = {https://index.mirasmart.com/aan2022/PDFfiles/AAN2022-001781.html}
}

@online{urlf99b7adc,
    url = {https://clinicaltrials.gov/ct2/show/NCT02221622}
}

@online{urlceae9313,
    url = {https://www.frontiersin.org/articles/10.3389/fnut.2022.841282/full}
}

@online{url570bf5b1,
    url = {http://dx.doi.org/10.1210/en.2010-0941}
}

@online{urld8471555,
    url = {https://www.sciencedaily.com/releases/2011/06/110604181844.htm}
}

@online{urlf1dbcaa0,
    url = {http://www.worldometers.info/world-population}
}

@online{url15a18f1c,
    url = {https://www.labcorp.com/tests/017509/vitamin-a}
}

@online{url0f458001,
    url = {https://twitter.com/nutridetect/status/1508936095731355650?s=21&t=kVK8dyJvE5JrrfIXWZioSw}
}

@online{url705c578c,
    url = {https://raypeatforum.com/community/attachments/36549/}
}

@online{url313491b1,
    url = {https://twitter.com/NutriDetect/status/1525175821681295360}
}

@online{url3eca4914,
    url = {page-3.html}
}

@online{url2590722b,
    url = {https://raypeatforum.com/community/threads/vitamin-a-lowers-high-cortisol-levels-cushing-disease.8130/}
}

@online{urla4ffb160,
    url = {https://journals.sagepub.com/doi/full/10.1177/2397847320915143}
}

@online{url437c7aa0,
    url = {https://go.drugbank.com/drugs/DB00468}
}

@online{url252c51f4,
    url = {https://www.karger.com/Article/Pdf/303060}
}

@online{urlc4065213,
    url = {https://citeseerx.ist.psu.edu/viewdoc/download?doi=10.1.1.1031.1342&rep=rep1&type=pdf}
}

@online{url4941915a,
    url = {https://bmcphysiol.biomedcentral.com/articles/10.1186/1472-6793-13-5}
}

@online{url82627aa0,
    url = {https://www.amazon.co.uk/dp/B07ZKWMF3Y?tag=}
}

@online{urlae0701b0,
    url = {https://kofitidrinks.com/ready-to-drink/}
}

@online{urlc9bac245,
    url = {http://www.ncbi.nlm.nih.gov/pubmed/3842250}
}

@online{url2cbf4c97,
    url = {http://www.ncbi.nlm.nih.gov/pubmed/9754515}
}

@online{urled994367,
    url = {http://www.ncbi.nlm.nih.gov/pubmed/11499830}
}

@online{url2b3a5879,
    url = {https://www.mayoclinicproceedings.org/article/S0025-6196(11)63235-7/fulltext}
}

@online{url45b47525,
    url = {https://www.amazon.co.uk/dp/B07ZKWMF3Y/ref=cm_sw_r_cp_api_i_ZKZ59YDN65HH9ZZ6WHXC}
}

@online{urldcd9ea49,
    url = {https://pubmed.ncbi.nlm.nih.gov/9342590/}
}

@online{urlc2a949b6,
    url = {https://pubmed.ncbi.nlm.nih.gov/8880083/}
}

@online{urlb91584b5,
    url = {https://www.researchgate.net/publication/265967573_Aversive_Stimuli_Drive_Drug_Seeking_in_a_State_of_Low_Dopamine_Tone}
}

@online{url2ed613f2,
    url = {https://www.nature.com/articles/s41586-022-04643-y}
}

@online{urlf1332980,
    url = {https://www.youtube.com/watch?v=oObqdlOe9Ag}
}

@online{url151334b0,
    url = {https://www.who.int/emergencies/disease-outbreak-news/item/2022-DON376}
}

@online{url908928d8,
    url = {https://email.mg2.substack.com/c/eJxVkk1zmzAQhn-NueFBEgg4cEjtuCUtNGmxG_fCyNICikEwkoiLf33l-NLOaLUzevdDs89yZqEd9ZJNo7He7artMkGm4GJ6sBa0NxvQtRRZEtMoitLQE1koUBIlnjR1owEGJvvM6hm8aT71kjMrR3XLiOMgRsTrMhBJgxBBKCEiwWmDgzTknKRNCKcUB_G9MZuFBMUhg3fQy6jA67PO2smsyMMK79y5DFyDAaZ5tzbzyVjGz2s-Dk6anDENvu3A58yA8cfG72Byn7HS-FL5vJO90KBWZGfH881vYXlCHB-WV9yf87cxLK9HVFb7qNxcJP-cXsUunX5vclpWBSnf8mtZ5SYf-k64t6I6oqJqcbE9h99dPHstr66G5F8O8lvFSbHlf4rFxasSHWVOc_XpnZMXy4dDdyQ_phMOZfOyRo8b_NhXu_bQq-O-YlYXz78G-Wq6Lf2pnvX-8PC1pUNjn_aezHCAcRAFFCWIYromaxyJJggFTUKEeBJFqzAYWvzfcDydsQuzvBuYcnI32huwD8Xxqp0fZiXtUoNipx7EHaW9b8QH3LoFBdptiqiZzRCNUEKDNElpTO7kHOuIxBSTCHuutRhdlsr-ofUX6qTPdA}
}

@online{url54c53acc,
    url = {https://www.journal-of-hepatology.eu/article/S0168-8278(21)02093-6/fulltext}
}

@online{url8b8f1981,
    url = {https://en.wikipedia.org/wiki/Bohr_effect}
}

@online{url8a52a7e1,
    url = {https://www.karger.com/Article/Abstract/212418}
}

@online{url83235738,
    url = {https://www.endocrine-abstracts.org/ea/0081/ea0081rc8.3}
}

@online{url2506079a,
    url = {https://medicalxpress.com/news/2022-05-efficient-vehicles-absorbing-vitamin-d.html}
}

@online{url52204fb6,
    url = {https://medicalxpress.com/tags/postmenopausal+women/}
}

@online{url99ae5d05,
    url = {https://spotify.link/NlzdDnpx4xb}
}

@online{urlb134a2e7,
    url = {https://pubmed.ncbi.nlm.nih.gov/10604197/}
}

@online{url8c519703,
    url = {https://doi.org/10.1017/s002966519900083x}
}

@online{urle5c84e7c,
    url = {https://doi.org/10.1016/S0022-2275(20)36944-3}
}

@online{urle31c6ddd,
    url = {https://www.ncbi.nlm.nih.gov/pmc/articles/PMC1218508/}
}

@online{url8f3b9bff,
    url = {https://diabetesjournals.org/diabetes/article/63/7/2222/34340/Overfeeding-of-Polyunsaturated-Versus-Saturated}
}

@online{url627abfbd,
    url = {https://www.westonaprice.org/health-topics/nonalcoholic-fatty-liver-disease/}
}

@online{url36b75e11,
    url = {https://www.ncbi.nlm.nih.gov/pmc/articles/PMC2377067/}
}

@online{url2d9fd3f0,
    url = {https://raypeatforum.com/community/threads/incomprehensive-ble-notes-on-choline.23228/post-697265}
}

@online{urlb2f04f30,
    url = {https://raypeatforum.com/community/attachments/36597/}
}

@online{url5a4e698e,
    url = {https://pubmed.ncbi.nlm.nih.gov/18275596/}
}

@online{urled2bd2ae,
    url = {https://www.sciencedaily.com/releases/2008/02/080213193738.htm}
}

@online{urlbe038ba4,
    url = {https://www.liebertpub.com/doi/10.1089/cyber.2021.0324}
}

@online{url5cb571b3,
    url = {https://www.webmd.com/depression/news/20220506/one-week-social-media-break-reduces-anxiety-depression}
}

@online{url6dfed753,
    url = {https://www.oncotarget.com/article/25878/text/}
}

@online{url97031209,
    url = {https://refubium.fu-berlin.de/bitstream/handle/fub188/7395/Ban_Zsofia_diss.pdf?sequence=1&isAllowed=y}
}

@online{url3a67621c,
    url = {https://www.sciencedirect.com/science/article/abs/pii/S1756464616304121?via=ihub}
}

@online{url91e9da50,
    url = {https://pubmed.ncbi.nlm.nih.gov/23511897/}
}

@online{url84db5915,
    url = {https://pubmed.ncbi.nlm.nih.gov/3260860/}
}

@online{urlc4b6e228,
    url = {https://web.archive.org/web/20181030230447id_/https://www.jstage.jst.go.jp/article/endocrj1954/35/1/35_1_93/_pdf}
}

@online{url0089c810,
    url = {https://pubmed.ncbi.nlm.nih.gov/8620023/}
}

@online{urlb3696e43,
    url = {https://pubmed.ncbi.nlm.nih.gov/7395986/}
}

@online{url66bf88c8,
    url = {https://pubmed.ncbi.nlm.nih.gov/495715/}
}

@online{url9c54c557,
    url = {https://pubmed.ncbi.nlm.nih.gov/447850/}
}

@online{url038f310c,
    url = {https://pubmed.ncbi.nlm.nih.gov/1826216/}
}

@online{url20a72b90,
    url = {https://www.sciencedaily.com/releases/2007/11/071109171610.htm}
}

@online{url0bb09bda,
    url = {https://www.cell.com/molecular-cell/fulltext/S1097-2765(16)30412-9}
}

@online{urld9e88bc3,
    url = {https://www.sciencedaily.com/releases/2016/09/160901124828.htm}
}

@online{url5743cc74,
    url = {https://pubmed.ncbi.nlm.nih.gov/31665359/}
}

@online{url641f4ff7,
    url = {https://pubmed.ncbi.nlm.nih.gov/4326215/}
}

@online{url57f15819,
    url = {https://www.cell.com/molecular-therapy-family/methods/fulltext/S2329-0501(22)00054-7}
}

@online{urleabcf468,
    url = {https://pubmed.ncbi.nlm.nih.gov/23426511/}
}

@online{urlb99e89b8,
    url = {https://www.rxlist.com/niacinamide/supplements.htm}
}

@online{urlbf1d8eef,
    url = {https://www.eurekalert.org/news-releases/955260}
}

@online{url0eb90b28,
    url = {https://www.theguardian.com/society/2022/feb/23/happiness-among-uk-young-people-has-hit-13-year-low-study-finds}
}

@online{url4d36d8ee,
    url = {https://localtrust.org.uk/policy/left-behind-neighbourhoods/}
}

@online{urlad0b98ce,
    url = {https://raypeatforum.com/community/threads/half-of-millennials-and-75-of-gen-zers-may-be-mentally-ill.32448/post-797267}
}

@online{url952098d3,
    url = {https://raypeatforum.com/community/attachments/36031/}
}

@online{url15fd2cf8,
    url = {https://www.ssa.gov/forms/ssa-521.pdf}
}

@online{url395f5201,
    url = {https://raypeatforum.com/community/attachments/36034/}
}

@online{urlf6296fe8,
    url = {https://raypeatforum.com/community/attachments/36035/}
}

@online{url376950ad,
    url = {https://youtu.be/oZwclD5dsLw?t=77}
}

@online{urlbc0b5bbf,
    url = {https://www.youtube.com/watch?v=21j_OCNLuYg}
}

@online{url54954c56,
    url = {https://www.youtube.com/watch?v=FVH7xAVZ_UA}
}

@online{url4505159e,
    url = {https://www.youtube.com/watch?v=GOFohS_cGTg}
}

@online{url087d4f96,
    url = {https://www.youtube.com/watch?v=nGQu1y4BZSs}
}

@online{url12ad6880,
    url = {https://www.youtube.com/watch?v=8oOPNFe1G-k}
}

@online{url9972c045,
    url = {https://www.youtube.com/watch?v=dR0xKb6ZyAE}
}

@online{url72bf002b,
    url = {https://www.bitchute.com/video/oPxZRZ6Ho0Zj}
}

@online{url7539722c,
    url = {https://www.youtube.com/watch?v=MaI14RgqYY8}
}

@online{urlcf3e4e34,
    url = {https://www.youtube.com/watch?v=eHK3LmARSjU&list=PLUP0jiZp-x6Nr1zI5CWtwyKdSdyKh-Bed&index=77&t=686s}
}

@online{url8518c01c,
    url = {https://www.bitchute.com/video/COAo2kxxLteI/}
}

@online{url134f9cb0,
    url = {https://www.bitchute.com/video/fSs7EOJHsOw9/}
}

@online{url740930f2,
    url = {https://www.youtube.com/watch?v=6RDV09buaUo}
}

@online{url43dfcae3,
    url = {https://www.youtube.com/watch?v=kTAtZ-zesqM}
}

@online{url3c7dc8c2,
    url = {https://www.youtube.com/watch?v=qFU9HY47qKA}
}

@online{url41827bf9,
    url = {https://youtu.be/bXAOnIrNsYs?t=4941}
}

@online{url05806ca8,
    url = {https://archive.org/details/nobodyism}
}

@online{urlf8b6087f,
    url = {https://www.bitchute.com/video/lGh93NinWjgF/}
}

@online{url29ed7185,
    url = {https://www.youtube.com/watch?v=IJp-R0NF19k}
}

@online{urld9b315b0,
    url = {https://youtu.be/b2eoQyYoUww}
}

@online{urlc5462061,
    url = {https://twitter.com/Red_Pill_Monkey/status/1545484749988397060}
}

@online{url08f7e6e0,
    url = {https://youtu.be/n2zlRFelNQE}
}

@online{url7419ccac,
    url = {http://dx.doi.org/10.1093/ajcn/nqac107}
}

@online{url6e45727a,
    url = {https://www.sciencedaily.com/releases/2022/06/220614122721.htm}
}

@online{url7cb8ee57,
    url = {https://onlinelibrary.wiley.com/doi/full/10.1111/acel.13670}
}

@online{urla12659b2,
    url = {https://www.cureus.com/articles/98346-effect-of-oral-vitamin-d3-on-dental-caries-an-in-vivo-and-in-vitro-study}
}

@online{urle6de178c,
    url = {https://en.wikipedia.org/wiki/Inflammatory_cytokine}
}

@online{url5caadf71,
    url = {https://www.malacards.org/card/burning_mouth_syndrome}
}

@online{urlc3fe5a64,
    url = {https://selfhack.com/blog/interleukin-6/}
}

@online{url5298c9aa,
    url = {https://selfhack.com/blog/interleukin-1/}
}

@online{urld7e0eeca,
    url = {https://selfhack.com/blog/supplements-lifestyle-factors-influence-tnf-interleukin-6-il-6/}
}

@online{urla51d5de0,
    url = {https://selfhacked.com/blog/some-preservatives-block-inflammation-and-autoimmune-disease/}
}

@online{url7e6e4b42,
    url = {https://selfhacked.com/blog/vitamin-b12/}
}

@online{url96da21f5,
    url = {https://selfhacked.com/blog/21-proven-science-based-reasons-magnesium-amazing-including-drawbacks/}
}

@online{urlc7d0f23c,
    url = {https://selfhacked.com/blog/histidine/}
}

@online{urle325f41c,
    url = {https://selfhacked.com/blog/dandelion/}
}

@online{url9218f6ee,
    url = {https://selfhacked.com/blog/perilla-oil/}
}

@online{url7e17d17c,
    url = {https://selfhacked.com/blog/goldenberries/}
}

@online{url9454d0f2,
    url = {https://selfhacked.com/blog/reasons-cortisol-low-high/}
}

@online{urlbb285c30,
    url = {https://selfhacked.com/blog/slippery-elm/}
}

@online{url4879aa1d,
    url = {https://selfhacked.com/blog/literally-everything-wanted-know-zinc-backed-science/}
}

@online{url0b85902a,
    url = {https://selfhacked.com/blog/23-longevity-boosting-supplements-drugs-increase-lifespan/}
}

@online{url89c512fe,
    url = {https://selfhacked.com/blog/the-resistant-starch-diet-the-most-effective-diet-for-weight-loss/}
}

@online{url750892e9,
    url = {https://selfhacked.com/blog/lectins-beneficial-harmful/}
}

@online{url5564b265,
    url = {https://selfhacked.com/blog/the-social-chilled-out-and-empathetic-genes-oxytocin-receptor-snps/}
}

@online{url1d6b529a,
    url = {https://selfhacked.com/blog/top-12-scientific-health-benefits-of-l-reuteri/}
}

@online{url0b8bc03b,
    url = {http://www.ncbi.nlm.nih.gov/pubmed/21911894}
}

@online{url603fde39,
    url = {https://selfhacked.com/blog/xanthines/}
}

@online{urlda08b016,
    url = {https://selfhacked.com/blog/nicotinamide-riboside/}
}

@online{urlb61173cd,
    url = {https://selfhacked.com/blog/lactoferrin/}
}

@online{urld41b82bf,
    url = {https://selfhacked.com/blog/glycine-little-protein/}
}

@online{url4b37e7a8,
    url = {https://selfhacked.com/blog/chinese-skullcap/}
}

@online{urle862ebf3,
    url = {https://selfhacked.com/blog/coenzyme-q10-ubiquinol/}
}

@online{urlfd230260,
    url = {https://selfhacked.com/blog/bitter-melon-9-proven-health-benefits-momordica-charantia-bitter-melon-including-risks/}
}

@online{url6c943ff3,
    url = {https://selfhacked.com/blog/mastic-gum/}
}

@online{url6222ea23,
    url = {https://selfhacked.com/blog/22-scientifically-proven-benefits-quercetin/}
}

@online{url474a5fb2,
    url = {https://selfhacked.com/blog/forskolin-everything-know-powerful-substance/}
}

@online{url8647060c,
    url = {https://selfhacked.com/blog/health-benefits-butyrate-derivatives-sodium-butyrate-phenylbutyrate-trybutyrine-butyric-acid-butyrate-prodrugs-butyrate-producing-bacteria/}
}

@online{urlee1e1563,
    url = {https://www.psychologytoday.com/us/blog/think-act-be/202206/5-surprising-facts-about-the-best-ways-treat-depression}
}

@online{url60692c21,
    url = {https://jamanetwork.com/journals/jamapsychiatry/fullarticle/482548}
}

@online{url4fdf6a6b,
    url = {https://pubmed.ncbi.nlm.nih.gov/2437171/}
}

@online{url40b28b61,
    url = {https://pubmed.ncbi.nlm.nih.gov/16259647/}
}

@online{urle39732d5,
    url = {https://anthonycolpo.com/the-great-ssri-scam-how-taking-anti-depressant-drugs-can-kill-you-part-1/}
}

@online{urldd5e8556,
    url = {https://www.jneurosci.org/content/29/38/11993.full}
}

@online{urldcbacde5,
    url = {https://www.mdpi.com/1424-8247/15/3/328/htm}
}

@online{urlee84b0e0,
    url = {https://www.news-medical.net/news/20220530/Topical-ocular-administration-of-progesterone-could-be-viable-treatment-for-retinitis-pigmentosa.aspx}
}

@online{urlc5aea318,
    url = {https://store.docofdetox.com/collections/humic-fulvic/products/fulvic-eye-drops}
}

@online{urlf774de77,
    url = {https://dannyroddy.substack.com/p/84-serotonin-elevated-in-depression}
}

@online{urlc4953af8,
    url = {https://suchlabs.com/product/progesterone-micronized-powder-usp/}
}

@online{urld1b87811,
    url = {https://www.psychologie.hhu.de/fileadmin/redaktion/Fakultaeten/Mathematisch-Naturwissenschaftliche_Fakultaet/Psychologie/CompPsy/Papers/Sellitto_et_al_PNEC_2022.pdf}
}

@online{urld66d3ed6,
    url = {https://www.dailymail.co.uk/femail/article-10933019/Women-generous-gifts-drinks-second-half-monthly-cycle-study-suggests.html}
}

@online{urlbe40e9ae,
    url = {https://diabetesjournals.org/care/article/45/6/1428/146920/An-Atypical-Form-of-Diabetes-Among-Individuals}
}

@online{url27dcfdf3,
    url = {https://www.the-scientist.com/news-opinion/diabetes-linked-to-malnutrition-is-metabolically-unique-study-70138}
}

@online{url3b15deca,
    url = {https://academic.oup.com/ajcn/article/113/6/1600/6178919}
}

@online{url5f781f89,
    url = {https://journals.physiology.org/doi/full/10.1152/ajpregu.00284.2019}
}

@online{url069ad379,
    url = {https://www.thelancet.com/journals/lancet/article/PIIS0140-6736(55)92530-7/fulltext}
}

@online{url40e4f0d3,
    url = {https://diabetesjournals.org/care/article/7/6/595/31025/The-Role-of-Undernutrition-in-the-Pathogenesis-of}
}

@online{url8c1f1565,
    url = {https://apps.who.int/iris/handle/10665/39592}
}

@online{urld44cdada,
    url = {https://apps.who.int/iris/handle/10665/66040}
}

@online{url04656f8b,
    url = {https://journals.physiology.org/doi/full/10.1152/ajpendo.00090.2015}
}

@online{url51bf0836,
    url = {https://en.wikipedia.org/wiki/ERX-11}
}

@online{url4c22dc10,
    url = {http://dx.doi.org/10.1038/s43018-022-00389-8}
}

@online{urlc0c96bbb,
    url = {https://www.sciencedaily.com/releases/2022/06/220602193208.htm}
}

@online{url63872428,
    url = {https://pubmed.ncbi.nlm.nih.gov/34864206/}
}

@online{urldafcf1cc,
    url = {https://doi.org/10.1016/j.matbio.2022.03.003}
}

@online{url2a609b17,
    url = {https://www.news-medical.net/news/20220530/Vitamin-D-therapy-may-be-a-useful-addition-to-the-treatment-of-ovarian-cancer-study-suggests.aspx}
}

@online{url5a9a6114,
    url = {https://raypeatforum.com/community/attachments/7bad315e-d4bf-41be-b9b3-998d7148ee1d-jpeg.37954/}
}

@online{urlb94e1e4e,
    url = {https://www.bitchute.com/video/0wVQQXV1LkVd/}
}

@online{urlc6116fdd,
    url = {https://howbad.info}
}

@online{urlab7e0a9a,
    url = {https://www.bitchute.com/video/8tbOPuO0jyuV/}
}

@online{url1bb1b043,
    url = {https://www.bitchute.com/video/QeVnZxrYOVc9/}
}

@online{urlf869f5a1,
    url = {https://www.bbcearth.com/news/teenage-elephants-need-a-father-figure}
}

@online{url55c95ce8,
    url = {https://beyondthesestonewalls.com/blog/gordon-macrae/in-the-absence-of-fathers-a-story-of-elephants-and-men}
}

@online{urlfe9c5719,
    url = {https://www.newscientist.com/article/mg15120390-300-orphan-elephants-go-on-the-rampage/}
}

@online{urld31e1f02,
    url = {https://www.nofilter.media/podcast/boost-your-biology}
}

@online{url5f448c66,
    url = {https://www.ncbi.nlm.nih.gov/pmc/articles/PMC5111541/}
}

@online{url5c47939c,
    url = {https://www.bhf.org.uk/what-we-do/news-from-the-bhf/news-archive/2022/june/endurance-exercise-could-impact-largest-artery-differently-in-men-and-women}
}

@online{url2fac28f5,
    url = {https://en.wikipedia.org/wiki/Myocardial_infarction}
}

@online{url3fe3d71f,
    url = {https://en.wikipedia.org/wiki/Vermont_Route_15}
}

@online{url2a08fd14,
    url = {https://en.wikipedia.org/wiki/Hardwick,_Vermont}
}

@online{url115a6fba,
    url = {https://en.wikipedia.org/wiki/Atherosclerosis}
}

@online{urlb979b1d5,
    url = {https://www.washingtonpost.com/archive/opinions/1984/07/29/the-jim-fixx-neurosis-running-yourself-to-death/681bd977-8295-4d4a-802c-bbfd54684be5/}
}

@online{url481c4558,
    url = {https://n.neurology.org/content/neurology/98/23/e2329.full.pdf}
}

@online{url668107a9,
    url = {https://www.neurologyadvisor.com/seizure-disorders/serotonergic-antidepressant-use-pregnancy-risk-neonatal-seizures/}
}

@online{url24d99acb,
    url = {https://www.neurologyadvisor.com/topics/general-neurology/new-neuropsychiatric-risks-covid-19-disease-severity/}
}

@online{urlc5c0ece4,
    url = {https://en.wikipedia.org/wiki/Nicotinic_acetylcholine_receptor#:~:text=Nicotinic acetylcholine receptors}
}

@online{urlc343f019,
    url = {http://raypeat.com/articles/articles/dark-side-of-stress-learned-helplessness.shtml}
}

@online{urleb30287f,
    url = {https://en.wikipedia.org/wiki/Rat_Park}
}

@online{urld6a37681,
    url = {https://pubmed.ncbi.nlm.nih.gov/35533342/}
}

@online{urlb4495aa4,
    url = {https://www.eurekalert.org/news-releases/957618}
}

@online{url839dec84,
    url = {https://web.musc.edu/about/staff-directory}
}

@online{url824c1c24,
    url = {https://providers.muschealth.org/sc/charleston/michael-ernest-saladin-phd}
}

@online{url48c3e7f4,
    url = {https://pubmed.ncbi.nlm.nih.gov/25762749/}
}

@online{url41051e99,
    url = {https://www.ncbi.nlm.nih.gov/pmc/articles/PMC6797172/}
}

@online{url3a1c8908,
    url = {https://raypeatforum.com/community/threads/coffee-inhibits-cortisol-synthesis.11138/post-150100}
}

@online{urla1eaf7c2,
    url = {https://www.businesswire.com/news/home/20220516005869/en/Burke-Neurological-Institute-Receives-a-45-Million-NIH-Grant-to-Study-a-Vitamin-B1-Precursor-for-Treatment-of-Alzheimer’s-Disease-in-Multi-center-Clinical-Trial}
}

@online{url64d47a5b,
    url = {https://cts.businesswire.com/ct/CT?id=smartlink&url=https://burke.weill.cornell.edu/gibson-lab/people/gary-e-gibson-phd&esheet=52721164&newsitemid=20220516005869&lan=en-US&anchor=Burke+Neurological+Institute/Weill+Cornell+Medicine&index=3&md5=52b144dbc9225fe1436804a582357bce}
}

@online{urldc876c54,
    url = {https://cts.businesswire.com/ct/CT?id=smartlink&url=https://burke.weill.cornell.edu/gibson-lab/people/gary-e-gibson-phd&esheet=52721164&newsitemid=20220516005869&lan=en-US&anchor=Dr.+Gary+E.+Gibson&index=4&md5=43213507fe912b16503578caa7f34008}
}

@online{url1ac0affc,
    url = {https://cts.businesswire.com/ct/CT?id=smartlink&url=https://pubmed.ncbi.nlm.nih.gov/33074237/&esheet=52721164&newsitemid=20220516005869&lan=en-US&anchor=published&index=5&md5=f80383591e739a3fb7a08cadf4583fe5}
}

@online{url5aadb506,
    url = {https://www.objectivenutrients.com/products/thiamega-uk/}
}

@online{url31a500ee,
    url = {https://www.ncbi.nlm.nih.gov/pmc/articles/PMC2435522/}
}

@online{url249b8ce7,
    url = {https://www.ncbi.nlm.nih.gov/pmc/articles/PMC2435522/figure/F3/}
}

@online{url540adede,
    url = {https://www.ncbi.nlm.nih.gov/pmc/articles/PMC2435522/figure/F2/}
}

@online{urlde395a7c,
    url = {https://www.ncbi.nlm.nih.gov/pmc/articles/PMC2435522/figure/F4/}
}

@online{url59c5d593,
    url = {https://highdosethiamine.org/about-dr-c-hdt/}
}

@online{url23f04486,
    url = {https://alz-journals.onlinelibrary.wiley.com/doi/full/10.1002/trc2.12199}
}

@online{url0cab2573,
    url = {https://www.science.org/doi/10.1126/science.abh2841}
}

@online{url5ccc64dc,
    url = {https://www2.mrc-lmb.cam.ac.uk/group-leaders/n-to-s/lalita-ramakrishnan/}
}

@online{url2c01604a,
    url = {https://www.ncbi.nlm.nih.gov/pmc/articles/PMC9183138/}
}

@online{url1c5db3d1,
    url = {https://www.nutritionaloutlook.com/view/formulation-of-nicotinamide-and-d-ribose-may-support-nad-and-blood-glucose-levels-says-new-study}
}

@online{url31f36128,
    url = {https://www.mdpi.com/2072-6643/14/11/2219/htm}
}

@online{url97b1b667,
    url = {https://web.archive.org/web/20101128023310/https://orthomolecular.org/library/jom/2004/pdf/2004-v19n02-p104.pdf}
}

@online{urlc417863f,
    url = {https://www.researchgate.net/publication/268221528_Niacinamide's_potent_role_in_alleviating_anxiety_with_its_benzodiazepine-like_properties_A_case_report}
}

@online{urleaeb8192,
    url = {https://www.science.org/content/blog-post/another-alzheimer-s-antibody-fails-there-will-be-more}
}

@online{url7a6fdf5b,
    url = {https://www.nature.com/articles/nm1096-1146}
}

@online{url022c4c75,
    url = {https://www.science.org/content/blog-post/prospective-alzheimer-s-trial-reports}
}

@online{url7d2560e5,
    url = {https://www.science.org/content/blog-post/eli-lilly-s-alzheimer-s-antibody-does-not-work}
}

@online{urla55426cb,
    url = {https://www.science.org/content/blog-post/lilly-s-alzheimer-s-data}
}

@online{url475f72f9,
    url = {https://www.science.org/content/blog-post/alzheimer-s-statement}
}

@online{urlf7280780,
    url = {https://www.science.org/content/blog-post/bapineuzumab-good-anything-or-not}
}

@online{urlecdd7224,
    url = {https://alz-journals.onlinelibrary.wiley.com/doi/full/10.1002/alz.057778}
}

@online{urla0fdb5fa,
    url = {https://www.science.org/content/blog-post/aducanumab-approval}
}

@online{urla5088b53,
    url = {https://www.nature.com/articles/s41573-022-00391-w}
}

@online{urle175d95c,
    url = {https://www.alzforum.org/therapeutics/lecanemab}
}

@online{url6754b92d,
    url = {https://www.science.org/content/blog-post/alzheimer-s-update-more-disarray}
}

@online{url24fab4b6,
    url = {https://www.statnews.com/2018/08/15/alzheimers-patients-drug-development-outrage/}
}

@online{url62bb24d1,
    url = {http://www.brianpeskin.com}
}

@online{url0a12bf5b,
    url = {http://www.raypeat.com.com}
}

@online{url0a876677,
    url = {https://raypeatforum.com/cdn-cgi/l/email-protection}
}

@online{url71ecfda8,
    url = {https://youtu.be/v7AWiPZn38Q?t=1938}
}

@online{url6a9901b4,
    url = {https://prevent-alzheimers-autism-stroke.com/2021/10/04/epidemiology-supporting-aluminums-causal-role-in-alzheimers-disease/}
}

@online{url34308f70,
    url = {https://prevent-alzheimers-autism-stroke.com/2021/10/04/sources-of-aluminum/}
}

@online{urlc752d6c7,
    url = {https://www.youtube.com/watch?v=-E5lq-eMX80&t=3s}
}

@online{url0f02829e,
    url = {https://www.ncbi.nlm.nih.gov/pmc/articles/PMC4486537/}
}

@online{url2c6af46b,
    url = {http://www.theuniversalantidote.com}
}

@online{url28f939f7,
    url = {https://en.wikipedia.org/wiki/ALOX15}
}

@online{urlee346ab6,
    url = {http://dx.doi.org/10.1016/j.celrep.2022.111011}
}

@online{url67cd157c,
    url = {https://www.news-medical.net/news/20220628/New-study-looks-at-the-role-of-beta-cells-in-triggering-autoimmunity.aspx}
}

@online{url80252c80,
    url = {https://www.researchgate.net/profile/Geeta_Leishangthem/publication/236640039_Baicalein_Reduces_Airway_Injury_in_Allergen_and_IL-13_Induced_Airway_Inflammation/links/02e7e518b4fa7179b7000000/Baicalein-Reduces-Airway-Injury-in-Allergen-and-IL-13-Induced-Airway-Inflammation.pdf}
}

@online{url46fffbaf,
    url = {https://alzres.biomedcentral.com/articles/10.1186/s13195-022-01017-4}
}

@online{url91bfb75d,
    url = {https://medicaldialogues.in/neurology-neurosurgery/news/low-dose-aspirin-prevents-various-forms-of-dementia-in-coronary-heart-disease-patients-95069}
}

@online{urle27e3def,
    url = {https://pubmed.ncbi.nlm.nih.gov/35721911/}
}

@online{url1051df64,
    url = {https://www.psu.edu/news/research/story/secrets-reptile-and-amphibian-aging-revealed/}
}

@online{urlddec6553,
    url = {https://journals.physiology.org/doi/full/10.1152/physrev.00047.2006?rfr_dat=cr_pub++0pubmed&url_ver=Z39.88-2003&rfr_id=ori:rid:crossref.org}
}

@online{url5f40ad5e,
    url = {https://raypeatforum.com/community/attachments/38982/}
}

@online{url36ec8280,
    url = {https://www.wired.com/story/long-strange-life-worlds-oldest-naked-mole-rat/}
}

@online{url830a18b7,
    url = {https://www.ncbi.nlm.nih.gov/pmc/articles/PMC3000022/}
}

@online{url1400064b,
    url = {https://www.sciencedirect.com/science/article/pii/S0306453022001627}
}

@online{url8ab129e0,
    url = {https://www.psypost.org/2022/07/new-research-suggests-adverse-childhood-experiences-accelerate-the-biological-processes-of-aging-63514}
}

@online{urld3310c04,
    url = {https://www.sciencedirect.com/science/article/pii/S0955286322001279}
}

@online{urle984fb38,
    url = {https://raypeatforum.com/community/attachments/37372/}
}

@online{url88329e09,
    url = {https://en.wikipedia.org/wiki/Transcription_factor}
}

@online{urlc5d5e1a7,
    url = {https://en.wikipedia.org/wiki/Free_fatty_acid}
}

@online{url1a15fd61,
    url = {https://en.wikipedia.org/wiki/Ketogenesis}
}

@online{urld7ea5852,
    url = {https://en.wikipedia.org/wiki/Peroxisome}
}

@online{url981998b5,
    url = {https://en.wikipedia.org/wiki/Mitochondria}
}

@online{url1989dd3a,
    url = {https://en.wikipedia.org/wiki/Beta_oxidation}
}

@online{urlc2bac7c7,
    url = {https://en.wikipedia.org/wiki/Carnitine_palmitoyltransferase_I}
}

@online{urld54730e4,
    url = {https://en.wikipedia.org/wiki/Glycolysis}
}

@online{url04567d6a,
    url = {https://en.wikipedia.org/wiki/Gluconeogenesis}
}

@online{url177a0f06,
    url = {https://en.wikipedia.org/wiki/Glycogen}
}

@online{url1b2c51ef,
    url = {https://en.wikipedia.org/wiki/Macrophage}
}

@online{url748e044c,
    url = {https://en.wikipedia.org/wiki/Glycation}
}

@online{url86d3f659,
    url = {https://en.wikipedia.org/wiki/Low-density_lipoprotein}
}

@online{url522a61bf,
    url = {https://en.wikipedia.org/wiki/Foam_cell}
}

@online{url387c4099,
    url = {https://en.wikipedia.org/wiki/Cytokine}
}

@online{urle20807ef,
    url = {https://www.sciencedirect.com/science/article/pii/S155041312030190X}
}

@online{urlda8522ea,
    url = {https://selfhack.com/blog/about-pgc-1alpha-and-natural-ways-to-increase-it}
}

@online{url644dfc0c,
    url = {https://selfhack.com/blog/about-ppar-alpha-and-natural-ways-to-activate-it/}
}

@online{url5e9f0dc8,
    url = {https://selfhacked.com/blog/top-14-proven-health-benefits-exercise-references-mechanisms/}
}

@online{url71b84fd4,
    url = {https://selfhacked.com/blog/12-reasons-embrace-cold/}
}

@online{url88dd22dd,
    url = {https://selfhacked.com/blog/ketogenic-diet/}
}

@online{url271f2606,
    url = {https://selfhacked.com/blog/pqq-review/}
}

@online{url3dedb840,
    url = {https://selfhacked.com/blog/gotu-kola-2/}
}

@online{urleed4474d,
    url = {https://selfhacked.com/blog/everything-need-know-grapeseed-extract-references/}
}

@online{url34197bc8,
    url = {https://selfhacked.com/blog/top-18-science-based-health-effects-carnitine/}
}

@online{url23584dd2,
    url = {https://selfhacked.com/blog/rhodiola/}
}

@online{url78005e64,
    url = {https://selfhacked.com/blog/red-yeast-rice/}
}

@online{url04be52cd,
    url = {https://selfhacked.com/blog/thyroid-hormones-t4t3/}
}

@online{url248cf30b,
    url = {https://selfhacked.com/blog/serotonin-happy-neurotransmitter/}
}

@online{url5ffe22f8,
    url = {https://selfhacked.com/blog/natural-ampk-activators/}
}

@online{url71260870,
    url = {https://selfhacked.com/blog/nad-and-sirt1-their-role-in-chronic-health-issues/}
}

@online{url12ca3aae,
    url = {https://selfhacked.com/blog/mtor-natural-mtor-inhibitors/}
}

@online{url1138fee1,
    url = {https://www.selfdecode.com/gene/creb1/}
}

@online{url8d13c542,
    url = {https://selfhacked.com/blog/dhea-dhea-s/}
}

@online{url79397117,
    url = {https://selfhacked.com/blog/palmitoylethanolamide-pea/}
}

@online{url1d368dd0,
    url = {https://selfhacked.com/blog/all-about-lions-mane/}
}

@online{urle09a8fd3,
    url = {https://health.selfdecode.com/blog/factors-counteract-stress-response/}
}

@online{urla71010d9,
    url = {https://selfhacked.com/blog/about-pgc-1alpha-and-natural-ways-to-increase-it/}
}

@online{url99cd2347,
    url = {https://www.sciencedirect.com/science/article/pii/S1550413118301128}
}

@online{urlfe738378,
    url = {http://orthomolecular.org/library/jom/2004/pdf/2004-v19n02-p104.pdf}
}

@online{urled4473a6,
    url = {https://raypeatforum.com/community/attachments/37540/}
}

@online{url844ed888,
    url = {http://www.doctoryourself.com/hoffer_niacin.html}
}

@online{url8018aab5,
    url = {https://www.ijbcp.com/index.php/ijbcp/article/view/2285}
}

@online{url9be267d3,
    url = {https://www.toxinless.com/}
}

@online{urle80afa72,
    url = {https://pubchem.ncbi.nlm.nih.gov/}
}

@online{url5a4abc0b,
    url = {https://www.nature.com/articles/s42255-022-00588-8}
}

@online{url007af2cd,
    url = {https://www.cuimc.columbia.edu/news/study-shows-why-many-cancer-cells-need-import-fat}
}

@online{url436656b2,
    url = {https://www.sciencedirect.com/topics/medicine-and-dentistry/1-2-3-6-tetrahydro-1-methyl-4-phenylpyridine}
}

@online{url0ed67261,
    url = {https://www.sciencedirect.com/topics/medicine-and-dentistry/procainamide}
}

@online{urlb764b386,
    url = {https://www.sciencedirect.com/topics/medicine-and-dentistry/quinine}
}

@online{urle3223395,
    url = {https://www.sciencedirect.com/topics/medicine-and-dentistry/emetine}
}

@online{urlf5cc44ad,
    url = {https://www.sciencedirect.com/topics/medicine-and-dentistry/clonidine}
}

@online{url6beca319,
    url = {https://www.sciencedirect.com/topics/medicine-and-dentistry/ampholyte}
}

@online{url75ea170c,
    url = {https://www.sciencedirect.com/topics/medicine-and-dentistry/cephaloridine}
}

@online{url783d008a,
    url = {https://www.sciencedirect.com/topics/medicine-and-dentistry/cefepime}
}

@online{url8272f0d0,
    url = {https://www.sciencedirect.com/topics/medicine-and-dentistry/corticosterone}
}

@online{url679ae145,
    url = {https://www.altcancer.net/docs/hydro_suddath.htm}
}

@online{urlf2a58dfe,
    url = {http://www.h-longevity.net}
}

@online{urlc5538c28,
    url = {https://pubs.acs.org/doi/10.1021/acs.jafc.2c01711}
}

@online{url07b8c477,
    url = {https://www.sciencedaily.com/releases/2022/06/220622101314.htm}
}

@online{url55eef015,
    url = {https://raypeatforum.com/community/threads/storing-potatoes-in-the-fridge-cold-can-cause-them-to-convert-some-of-their-starch-into-sugar.47095/}
}

@online{url264c30ea,
    url = {https://lifehacker.com/freeze-half-cooked-french-fries-for-extra-crunch-844089555}
}

@online{urlfbc84fd8,
    url = {https://www.rheumatologyadvisor.com/home/general-rheumatology/vitamin-d-pth-linked-with-bone-decline-in-older-men/}
}

@online{url6c263c81,
    url = {https://www.dovepress.com/aspirin-ameliorates-pancreatic-inflammation-and-fibrosis-by-inhibiting-peer-reviewed-fulltext-article-JIR}
}

@online{url25d391a7,
    url = {https://www.tandfonline.com/doi/full/10.1080/10408398.2022.2096560}
}

@online{url5ab2230c,
    url = {https://www.sciencealert.com/massive-review-shows-vitamin-d-really-does-seem-to-ease-depressive-symptoms}
}

@online{url61a59c76,
    url = {https://www.sciencedirect.com/science/article/abs/pii/S0166432817320090}
}

@online{url729bc287,
    url = {http://https//www.sciencealert.com/clinical-trials}
}

@online{urlfca9c8dc,
    url = {https://www.uef.fi/en/article/vitamin-d-supplementation-seems-to-alleviate-depressive-symptoms-in-adults}
}

@online{urle1cdc0a5,
    url = {https://www.frontiersin.org/articles/10.3389/fneur.2022.900048/full}
}

@online{url2c0f9d3d,
    url = {https://www.nola.com/news/healthcare_hospitals/article_05dcc2ec-1a83-11ed-8602-c364d0878c97.html}
}

@online{urle7ae6687,
    url = {https://www.nola.com/news/healthcare_hospitals/article_6ee0ede8-b6bc-11ec-8b34-f758b64174a2.html}
}

@online{url2ebcb668,
    url = {https://doi.org/10.3389/fneur.2022.900048}
}

@online{urlb07126d6,
    url = {https://pubmed.ncbi.nlm.nih.gov/35845262/}
}

@online{urlb7b17574,
    url = {https://www.eurekalert.org/news-releases/958611}
}

@online{url607f8878,
    url = {https://www.nature.com/articles/s42003-022-03690-5}
}

@online{url6b418f12,
    url = {https://doi.org/10.1016/j.immuni.2022.06.007}
}

@online{urlc929abe7,
    url = {https://www.sciencedaily.com/releases/2022/07/220713143955.htm}
}

@online{urla2ff0e52,
    url = {https://bltsystem-orderlabtesting.com/thyroid-complete-panel.html}
}

@online{url5381c898,
    url = {https://www.ncbi.nlm.nih.gov/pmc/articles/PMC3422174/}
}

@online{url2350260b,
    url = {https://pubmed.ncbi.nlm.nih.gov/17182613/}
}

@online{urlfafd86d1,
    url = {https://nutritionj.biomedcentral.com/articles/10.1186/s12937-020-00586-0}
}

@online{urld3363141,
    url = {https://www.mdpi.com/2673-4389/3/1/2}
}

@online{urlf1efb663,
    url = {https://www.frontiersin.org/articles/10.3389/fphar.2022.995439/full}
}

@online{urle566a991,
    url = {https://trans4mind.com/nutrition/autism-lutein.pdf}
}

@online{url5a026813,
    url = {http://saras-autism-diet.freeservers.com/Literature/diet-results.PDF}
}

@online{url23dfb623,
    url = {http://saras-autism-diet.freeservers.com/Exile/III-5.html}
}

@online{urled6974dc,
    url = {https://tools.myfooddata.com/nutrient-ranking-tool/lutein-zeaxanthin+alpha-carotene+beta-carotene+beta-cryptoxanthin/fruits/highest+highest+highest+highest/household/common+sr/no}
}

@online{urlfb304903,
    url = {http://saras-autism-diet.freeservers.com/Exile/III-4a.html}
}

@online{url666641a7,
    url = {https://bmcpsychiatry.biomedcentral.com/articles/10.1186/s12888-022-04260-z}
}

@online{urla793d95e,
    url = {https://www.cell.com/current-biology/fulltext/S0960-9822(22)01117-4}
}

@online{urlf6ef30a2,
    url = {https://www.news-medical.net/news/20220916/JGU-researchers-seek-to-gain-a-better-understanding-of-depression.aspx}
}

@online{urlf2fddc1d,
    url = {https://www.cureus.com/articles/112244-nicotinamide-mononucleotide-is-safely-metabolized-and-significantly-reduces-blood-triglyceride-levels-in-healthy-individuals}
}

@online{url80cc3cc0,
    url = {https://www.youtube.com/watch?v=fHswGCXg_xU}
}

@online{url64b293ff,
    url = {https://www.google.com/url?q=https://www.ravnskov.nu/wp-content/uploads/2016/01/CM.pdf&sa=U&ved=2ahUKEwjigfrh6_r6AhXRasAKHWwZAl4QFnoECAgQAg&usg=AOvVaw26fSeRKoMOnEMEPpZl7ZtC}
}

@online{urld978c8f2,
    url = {https://journals.physiology.org/doi/full/10.1152/ajpendo.00566.2012?sid=595145d7-f75f-40b0-a5d6-59c82a78289a}
}

@online{urlb30bdbd7,
    url = {https://medicine.buffalo.edu/news_and_events/news.host.html/content/shared/smbs/news/2013/06/inflammation-insulin-2581.detail.html}
}

@online{urlbbbd2dac,
    url = {https://pubmed.ncbi.nlm.nih.gov/25056537/}
}

@online{urld0df4b09,
    url = {https://medicine.buffalo.edu/news_and_events/news/2014/09/dandona-anti-pro-inflammatory-4169.html}
}

@online{url0628797c,
    url = {http://medicine.buffalo.edu/news_and_events/news.host.html/content/shared/smbs/news/2013/06/inflammation-insulin-2581.detail.html}
}

@online{urlcafd3308,
    url = {https://gut.bmj.com/content/early/2022/08/23/gutjnl-2022-328262}
}

@online{url538194ea,
    url = {https://medicalxpress.com/news/2022-09-gut-covid-.html}
}

@online{url9c83af7a,
    url = {https://medicalxpress.com/tags/gene+expression/}
}

@online{urlfeb62e60,
    url = {https://medicalxpress.com/tags/disease+severity/}
}

@online{url7d114e58,
    url = {https://www.youtube.com/watch?v=PS_HX_VAZXo}
}

@online{urle994adcb,
    url = {https://www.cdc.gov/nchs/nvss/vsrr/covid_weekly/index.htm}
}

@online{url31ce817e,
    url = {https://www.sciencedirect.com/topics/pharmacology-toxicology-and-pharmaceutical-science/enzyme-linked-immunosorbent-assay}
}

@online{url3a61c93d,
    url = {https://www.sciencedirect.com/topics/pharmacology-toxicology-and-pharmaceutical-science/dioxygenase}
}

@online{url05badd76,
    url = {https://www.sciencedirect.com/topics/pharmacology-toxicology-and-pharmaceutical-science/amine-oxidase-flavin-containing}
}

@online{urlb4c63d6a,
    url = {https://www.sciencedirect.com/topics/pharmacology-toxicology-and-pharmaceutical-science/serotonin-2a-receptor}
}

@online{urla4b03752,
    url = {https://www.sciencedirect.com/topics/pharmacology-toxicology-and-pharmaceutical-science/disease-exacerbation}
}

@online{url117031b7,
    url = {https://en.wikipedia.org/wiki/ANO1}
}

@online{url70852833,
    url = {https://doi.org/10.1096/fasebj.2022.36.S1.0R556}
}

@online{urlc6834718,
    url = {https://www.science.org/doi/10.1126/scisignal.adf2995}
}

@online{urlfaa26e8c,
    url = {https://www.dovepress.com/association-of-lipopolysaccharide-toll-like-receptor-4-signaling-and-m-peer-reviewed-fulltext-article-DMSO}
}

@online{url4b76c021,
    url = {https://selfhacked.com/blog/reduce-lipopolysaccharides/}
}

@online{url1336201f,
    url = {https://www.express.co.uk/life-style/health/1686405/hair-greying-vitamin-deficiencies-hypothyroidism}
}

@online{urlb01d27eb,
    url = {https://doi.org/10.18632/aging.204264}
}

@online{url2d38169a,
    url = {https://pubmed.ncbi.nlm.nih.gov/16541076/}
}

@online{url3e2531f0,
    url = {https://www.science.org/content/article/potential-fabrication-research-images-threatens-key-theory-alzheimers-disease}
}

@online{url2d4fffbf,
    url = {https://www.dailymail.co.uk/health/article-11038595/Seminal-Alzheimers-study-manipulated.html}
}

@online{url27ede778,
    url = {https://www.dailymail.co.uk/news/minnesota/index.html}
}

@online{url6c4ed99b,
    url = {https://www.nature.com/articles/nature04533}
}

@online{urlb405b0c2,
    url = {https://www.dailymail.co.uk/sciencetech/alzheimers-disease/index.html}
}

@online{url209c8e01,
    url = {https://www.centerforhealthsecurity.org/news/center-news/2017/2017-10-23_spars-scenario.html}
}

@online{url64ddfec1,
    url = {https://jhsphcenterforhealthsecurity.s3.amazonaws.com/spars-pandemic-scenario.pdf}
}

@online{urlcf94736b,
    url = {https://web.archive.org/web/20180330033845/https://www.centerforhealthsecurity.org/our-work/pubs_archive/pubs-pdfs/2017/spars-pandemic-scenario.pdf}
}

@online{url33b09c43,
    url = {https://www.reddit.com/r/conspiracy/comments/rmu194/the_great_reveal_everything_happening_now_is_to/}
}

@online{urlae2d7aa7,
    url = {https://www.reddit.com/r/conspiracy/comments/rmu194/the_great_reveal_everything_happening_now_is_to/hpocjye/?utm_source=reddit&utm_medium=web2x&context=3}
}

@online{urlfeb739ed,
    url = {https://www.youtube.com/watch?v=UNg3Vnfu4Pk}
}

@online{urlecf7f38e,
    url = {https://www.youtube.com/watch?v=ua7asEfBBcw}
}

@online{url1b34897b,
    url = {https://www.reddit.com/r/conspiracy/comments/rmu194/comment/hpocjye/?utm_source=reddit&utm_medium=web2x&context=3}
}

@online{urlb424520a,
    url = {https://journals.plos.org/plosmedicine/article?id=10.1371/journal.pmed.0020124}
}

@online{urlfaa6b65b,
    url = {https://twitter.com/afshineemrani/status/1559932317350539265?t=kqp6cSol8TjzDU6hZQwO1g&s=19}
}

@online{urlbd2346a3,
    url = {https://raypeatforum.com/community/attachments/45193/}
}

@online{urlfdc56323,
    url = {https://twitter.com/Reuters/status/1597854279099891712}
}

@online{url099bfbb9,
    url = {https://impact.ref.ac.uk/casestudies/CaseStudy.aspx?Id=17273}
}

@online{url3959fbca,
    url = {https://www.eurekalert.org/news-releases/964964}
}

@online{urlc24bf378,
    url = {https://www.aimspress.com/fileOther/PDF/biophysics/biophy-07-01-002.pdf}
}

@online{url0d5456aa,
    url = {https://raypeatforum.com/community/attachments/43867/}
}

@online{url69539bc9,
    url = {https://raypeatforum.com/community/attachments/43868/}
}

@online{url469c1090,
    url = {https://raypeatforum.com/community/threads/lab-analysis-of-idealabs-supplements-and-bottles.15920/}
}

@online{urle51ad81f,
    url = {https://dx.doi.org/10.1016/j.phrs.2022.106467}
}

@online{url919b4d14,
    url = {https://phys.org/news/2022-10-mitochondria-severe-anemia.html}
}

@online{url3040c026,
    url = {https://phys.org/tags/blood/}
}

@online{urlea90399b,
    url = {https://phys.org/tags/hematopoietic+stem+cells/}
}

@online{url1812c50f,
    url = {https://www.eurekalert.org/news-releases/967908}
}

@online{urla69c96e6,
    url = {https://en.wikipedia.org/wiki/Randle_cycle}
}

@online{url7ad7ceb0,
    url = {https://en.wikipedia.org/wiki/Meldonium}
}

@online{url7ce0d493,
    url = {https://www.hindawi.com/journals/omcl/2022/2339584/}
}

@online{urlf6fcc081,
    url = {https://www.cell.com/cell-metabolism/pdf/S1550-4131(14)00609-3.pdf}
}

@online{url1a54f328,
    url = {https://twitter.com/thehealthb0t/status/1582152089496535040?t=uTA7iNtGvggzrrvtosRwNA&s=19}
}

@online{url29d2a331,
    url = {https://www.nature.com/articles/s41571-022-00672-8}
}

@online{url38b58bde,
    url = {https://www.theepochtimes.com/jill-biden-predicts-wave-of-cancer-diagnoses-after-covid-19_4804763.html}
}

@online{urlf0640071,
    url = {https://www.cnn.com/2022/10/14/health/early-onset-cancer-increase/index.html}
}

@online{url29c4886e,
    url = {https://www.nature.com/articles/s41562-022-01450-3}
}

@online{url2eea15b6,
    url = {https://pubmed.ncbi.nlm.nih.gov/1988434/}
}

@online{urlc6c9349a,
    url = {https://en.wikipedia.org/wiki/Gamma-butyrobetaine_dioxygenase}
}

@online{urla2d9e9f3,
    url = {https://dx.doi.org/10.1073/pnas.2203628119}
}

@online{url78fdd748,
    url = {https://phys.org/news/2022-10-heart-failure-disrupts-cell-mitochondria.html}
}

@online{urld87b3636,
    url = {https://phys.org/tags/biochemical+reactions/}
}

@online{urlc3ade0a0,
    url = {https://phys.org/tags/organic+molecules/}
}

@online{urlef9dd7bf,
    url = {https://phys.org/tags/molecular+level/}
}

@online{url028abb64,
    url = {https://phys.org/tags/mitochondrial+dysfunction/}
}

@online{url87ea3044,
    url = {https://www.aafp.org/pubs/afp/issues/2017/0915/p384.html}
}

@online{urla0f6c07f,
    url = {https://www.mdpi.com/1099-4300/15/4/1416/htm}
}

@online{url76a2ea68,
    url = {https://ehjournal.biomedcentral.com/articles/10.1186/s12940-015-0056-1}
}

@online{url360c9fc9,
    url = {https://youtu.be/QWM_PgnoAtA}
}

@online{urld400a043,
    url = {https://www.mochacoffee.nl/blogs/news/helping-coffee-farmers-in-yemen-by-elevating-the-european-coffee-experience}
}

@online{url1718b007,
    url = {https://www.sweetmarias.com/}
}

@online{url52032aba,
    url = {https://feeds.soundcloud.com/stream/1307585149-oneradionetwork-071822-peat.mp3}
}

@online{urle655382e,
    url = {https://oneradionetwork.com/all-shows/your-health-nutrition-questions-answered-july-18-2022/}
}

@online{url2aac5723,
    url = {https://raypeatforum.com/community/threads/july-18-2022-one-radio-network.47157/}
}

@online{url903a86b7,
    url = {https://en.wikipedia.org/wiki/4-Hydroxynonenal}
}

@online{urla6977972,
    url = {https://en.wikipedia.org/wiki/Glycocholic_acid}
}

@online{url24ebec46,
    url = {https://pubmed.ncbi.nlm.nih.gov/36242098/}
}

@online{url699b6833,
    url = {https://www.frontiersin.org/articles/10.3389/fnagi.2022.954090/full}
}

@online{urled143ae9,
    url = {https://www.theepochtimes.com/health/nonsteroidal-anti-inflammatory-drugs-may-trigger-heart-damage_4804965.html}
}

@online{urldcf09816,
    url = {https://pubmed.ncbi.nlm.nih.gov/36065220/}
}

@online{url31c96d35,
    url = {https://pubmed.ncbi.nlm.nih.gov/35551117/}
}

@online{url77f2fa4f,
    url = {https://citeseerx.ist.psu.edu/viewdoc/download?doi=10.1.1.633.3124&rep=rep1&type=pdf}
}

@online{urlb76f401c,
    url = {https://www.karger.com/Article/Abstract/16303}
}

@online{url829dfcdc,
    url = {https://academic.oup.com/jcem/article/88/8/3902/2845594}
}

@online{url024c351c,
    url = {https://transportal.compbio.ucsf.edu/transporters/SLCO2B1/}
}

@online{url0d52f925,
    url = {https://transportal.compbio.ucsf.edu/compounds/acemetacin/}
}

@online{url594d3336,
    url = {https://transportal.compbio.ucsf.edu/compounds/dibromofluorescein/}
}

@online{urle75e05c5,
    url = {https://transportal.compbio.ucsf.edu/compounds/atazanavir/}
}

@online{urlbcf8040d,
    url = {https://transportal.compbio.ucsf.edu/compounds/estrone_sulfate/}
}

@online{urle0a6bd98,
    url = {https://transportal.compbio.ucsf.edu/compounds/atorvastatin/}
}

@online{urld801efab,
    url = {https://transportal.compbio.ucsf.edu/compounds/benzbromarone/}
}

@online{urlec1c050e,
    url = {https://transportal.compbio.ucsf.edu/compounds/bicalutamide/}
}

@online{urlf3c70b68,
    url = {https://transportal.compbio.ucsf.edu/compounds/bromsulphthalein/}
}

@online{urlefa10b9d,
    url = {https://transportal.compbio.ucsf.edu/compounds/butylparaben/}
}

@online{urle1227bb9,
    url = {https://transportal.compbio.ucsf.edu/compounds/calcitriol/}
}

@online{url7d1b6ea0,
    url = {https://transportal.compbio.ucsf.edu/compounds/celecoxib/}
}

@online{url563a3fb3,
    url = {https://transportal.compbio.ucsf.edu/compounds/cerivastatin/}
}

@online{url174e5990,
    url = {https://transportal.compbio.ucsf.edu/compounds/cyclosporine/}
}

@online{url0bc1ff11,
    url = {https://transportal.compbio.ucsf.edu/compounds/rosuvastatin/}
}

@online{url541ab4c3,
    url = {https://transportal.compbio.ucsf.edu/compounds/darunavir/}
}

@online{urlb5e32353,
    url = {https://transportal.compbio.ucsf.edu/compounds/dc_orange_no_4/}
}

@online{url3160253f,
    url = {https://transportal.compbio.ucsf.edu/compounds/desogestrel/}
}

@online{urlfe99932e,
    url = {https://transportal.compbio.ucsf.edu/compounds/diacerein/}
}

@online{url22ce8e56,
    url = {https://transportal.compbio.ucsf.edu/compounds/didymin/}
}

@online{url86356592,
    url = {https://transportal.compbio.ucsf.edu/compounds/45-dibromofluorescein/}
}

@online{urlb941d159,
    url = {https://transportal.compbio.ucsf.edu/compounds/diethylstilbestrol/}
}

@online{urlc48f930c,
    url = {https://transportal.compbio.ucsf.edu/compounds/diflunisal/}
}

@online{url788c4901,
    url = {https://transportal.compbio.ucsf.edu/compounds/dipyridamole/}
}

@online{url610bc9e5,
    url = {https://transportal.compbio.ucsf.edu/compounds/doxazosin_mesylate/}
}

@online{urlefdad6a8,
    url = {https://transportal.compbio.ucsf.edu/compounds/drospirenone/}
}

@online{url85db3ac8,
    url = {https://transportal.compbio.ucsf.edu/compounds/efavirenz/}
}

@online{url83cec7ff,
    url = {https://transportal.compbio.ucsf.edu/compounds/erlotinib/}
}

@online{url185d6751,
    url = {https://transportal.compbio.ucsf.edu/compounds/estradiol/}
}

@online{url7f3df450,
    url = {https://transportal.compbio.ucsf.edu/compounds/estrone/}
}

@online{url4c2cf6ec,
    url = {https://transportal.compbio.ucsf.edu/compounds/ethinyl_estradiol/}
}

@online{url6446eebc,
    url = {https://transportal.compbio.ucsf.edu/compounds/ezetimibe/}
}

@online{url02f3647f,
    url = {https://transportal.compbio.ucsf.edu/compounds/fdc_red_no_40/}
}

@online{urlc8cac95b,
    url = {https://transportal.compbio.ucsf.edu/compounds/felodipine/}
}

@online{url0bb821ae,
    url = {https://transportal.compbio.ucsf.edu/compounds/flutamide/}
}

@online{url1c92af5b,
    url = {https://transportal.compbio.ucsf.edu/compounds/fluvastatin/}
}

@online{url5b12e0e8,
    url = {https://transportal.compbio.ucsf.edu/compounds/gemfibrozil/}
}

@online{urlb8d6c5c0,
    url = {https://transportal.compbio.ucsf.edu/compounds/glimepiride/}
}

@online{url145ee0e6,
    url = {https://transportal.compbio.ucsf.edu/compounds/glyburide/}
}

@online{url5f453eb5,
    url = {https://transportal.compbio.ucsf.edu/compounds/hesperetin/}
}

@online{urlba30451c,
    url = {https://transportal.compbio.ucsf.edu/compounds/hesperidin/}
}

@online{urlf5d2b4eb,
    url = {https://transportal.compbio.ucsf.edu/compounds/indinavir/}
}

@online{url7ea7e584,
    url = {https://transportal.compbio.ucsf.edu/compounds/indomethacin/}
}

@online{url5a64b36b,
    url = {https://transportal.compbio.ucsf.edu/compounds/irbesartan/}
}

@online{urlcd53b0ea,
    url = {https://transportal.compbio.ucsf.edu/compounds/itraconazole/}
}

@online{url49622893,
    url = {https://transportal.compbio.ucsf.edu/compounds/kaempferol/}
}

@online{url2dcad982,
    url = {https://transportal.compbio.ucsf.edu/compounds/ketoconazole/}
}

@online{url44c2af5d,
    url = {https://transportal.compbio.ucsf.edu/compounds/latanoprost/}
}

@online{url9a5b6ccb,
    url = {https://transportal.compbio.ucsf.edu/compounds/levothyroxine/}
}

@online{url5ed67ddf,
    url = {https://transportal.compbio.ucsf.edu/compounds/lopinavir/}
}

@online{url2c84a673,
    url = {https://transportal.compbio.ucsf.edu/compounds/loratadine/}
}

@online{url2983503a,
    url = {https://transportal.compbio.ucsf.edu/compounds/lornoxicam/}
}

@online{url2b72f71e,
    url = {https://transportal.compbio.ucsf.edu/compounds/losartan/}
}

@online{urlfe259545,
    url = {https://transportal.compbio.ucsf.edu/compounds/lovastatin/}
}

@online{url696c694c,
    url = {https://transportal.compbio.ucsf.edu/compounds/meloxicam/}
}

@online{url07f41643,
    url = {https://transportal.compbio.ucsf.edu/compounds/mk-571/}
}

@online{url2bd7758c,
    url = {https://transportal.compbio.ucsf.edu/compounds/montelukast/}
}

@online{url1a4c43ba,
    url = {https://transportal.compbio.ucsf.edu/compounds/naringenin/}
}

@online{urlcb707cd9,
    url = {https://transportal.compbio.ucsf.edu/compounds/naringin/}
}

@online{url4fdffcf5,
    url = {https://transportal.compbio.ucsf.edu/compounds/narirutin/}
}

@online{url8f8b9dbb,
    url = {https://transportal.compbio.ucsf.edu/compounds/nelfinavir/}
}

@online{url8d178e36,
    url = {https://transportal.compbio.ucsf.edu/compounds/neohesperidin dihydrochalone/}
}

@online{url3eaa7e18,
    url = {https://transportal.compbio.ucsf.edu/compounds/nobiletin/}
}

@online{url41e569da,
    url = {https://transportal.compbio.ucsf.edu/compounds/norethindrone/}
}

@online{url3817c18e,
    url = {https://transportal.compbio.ucsf.edu/compounds/novobiocin/}
}

@online{urla3baf74c,
    url = {https://transportal.compbio.ucsf.edu/compounds/olmesartan/}
}

@online{urlc8bebbba,
    url = {https://transportal.compbio.ucsf.edu/compounds/olsalazine/}
}

@online{url9511e3fb,
    url = {https://transportal.compbio.ucsf.edu/compounds/oxybutynin/}
}

@online{url8711f3b1,
    url = {https://transportal.compbio.ucsf.edu/compounds/paclitaxel/}
}

@online{urlaff9a1d3,
    url = {https://transportal.compbio.ucsf.edu/compounds/phloretin/}
}

@online{url6cfe562c,
    url = {https://transportal.compbio.ucsf.edu/compounds/phloridzin/}
}

@online{urlbbc5adfd,
    url = {https://transportal.compbio.ucsf.edu/compounds/piroxicam/}
}

@online{urldd3ad117,
    url = {https://transportal.compbio.ucsf.edu/compounds/prasurgel/}
}

@online{url3af29080,
    url = {https://transportal.compbio.ucsf.edu/compounds/quercetin/}
}

@online{urld82e2fdf,
    url = {https://transportal.compbio.ucsf.edu/compounds/quetiapine/}
}

@online{url9450d968,
    url = {https://transportal.compbio.ucsf.edu/compounds/raloxifene/}
}

@online{url1b7529da,
    url = {https://transportal.compbio.ucsf.edu/compounds/raltitrexed/}
}

@online{url8d16f951,
    url = {https://transportal.compbio.ucsf.edu/compounds/pemetrexed/}
}

@online{url4dcfff27,
    url = {https://transportal.compbio.ucsf.edu/compounds/repaglinide/}
}

@online{url45a2df83,
    url = {https://transportal.compbio.ucsf.edu/compounds/reserpine/}
}

@online{url9767d027,
    url = {https://transportal.compbio.ucsf.edu/compounds/rifampicin/}
}

@online{url5f489f79,
    url = {https://transportal.compbio.ucsf.edu/compounds/rifamycin_sv/}
}

@online{url302dd045,
    url = {https://transportal.compbio.ucsf.edu/compounds/ritonavir/}
}

@online{url8196d185,
    url = {https://transportal.compbio.ucsf.edu/compounds/ronacaleret/}
}

@online{url9ef1dec0,
    url = {https://transportal.compbio.ucsf.edu/compounds/rosiglitazone/}
}

@online{url9e9b4f2d,
    url = {https://transportal.compbio.ucsf.edu/compounds/saquinavir/}
}

@online{url6b33e918,
    url = {https://transportal.compbio.ucsf.edu/compounds/silibinin-dihemisuccinate/}
}

@online{urld77c23f3,
    url = {https://transportal.compbio.ucsf.edu/compounds/silymarin/}
}

@online{url4a1efb4c,
    url = {https://transportal.compbio.ucsf.edu/compounds/simvastatin/}
}

@online{url3d6372ef,
    url = {https://transportal.compbio.ucsf.edu/compounds/sinensetin/}
}

@online{url79211a14,
    url = {https://transportal.compbio.ucsf.edu/compounds/sucrose_monolaurate/}
}

@online{url94dc3d65,
    url = {https://transportal.compbio.ucsf.edu/compounds/sulfasalazine/}
}

@online{urld3c3d919,
    url = {https://transportal.compbio.ucsf.edu/compounds/tangeretin/}
}

@online{url3a0340de,
    url = {https://transportal.compbio.ucsf.edu/compounds/ticagrelor/}
}

@online{urla7a28703,
    url = {https://transportal.compbio.ucsf.edu/compounds/tipranavir/}
}

@online{urlefa07d14,
    url = {https://transportal.compbio.ucsf.edu/compounds/tropesin/}
}

@online{urlf01ce9e8,
    url = {https://transportal.compbio.ucsf.edu/compounds/vilazodone_hydrochloride/}
}

@online{urld2b92c60,
    url = {https://transportal.compbio.ucsf.edu/compounds/zafirlukast/}
}

@online{urlb89c18bf,
    url = {https://go.drugbank.com/drugs/DB00655}
}

@online{url450437db,
    url = {https://go.drugbank.com/drugs/DB01045}
}

@online{urld26d41b2,
    url = {https://go.drugbank.com/drugs/DB02746}
}

@online{urlaeeb6c0a,
    url = {https://go.drugbank.com/drugs/DB03902}
}

@online{url0c174919,
    url = {https://go.drugbank.com/drugs/DB00627}
}

@online{urlb1144bb8,
    url = {https://go.drugbank.com/drugs/DB04398}
}

@online{urld77db6bc,
    url = {https://go.drugbank.com/drugs/DB04272}
}

@online{urlabaf2825,
    url = {https://go.drugbank.com/drugs/DB03793}
}

@online{urla1731fe9,
    url = {https://go.drugbank.com/drugs/DB03166}
}

@online{url35e04f42,
    url = {https://go.drugbank.com/drugs/DB04216}
}

@online{url6ad33bc0,
    url = {https://go.drugbank.com/drugs/DB03467}
}

@online{url011840a7,
    url = {https://go.drugbank.com/drugs/DB00770}
}

@online{urlbe125368,
    url = {https://go.drugbank.com/drugs/DB11613}
}

@online{urlfaf9d600,
    url = {https://go.drugbank.com/drugs/DB05521}
}

@online{url1664e42d,
    url = {https://go.drugbank.com/drugs/DB11591}
}

@online{url36e2e8d4,
    url = {https://go.drugbank.com/drugs/DB13952}
}

@online{url7b6f6e98,
    url = {https://go.drugbank.com/drugs/DB13953}
}

@online{url132f5d97,
    url = {https://go.drugbank.com/drugs/DB13954}
}

@online{url3a1cf405,
    url = {https://go.drugbank.com/drugs/DB13955}
}

@online{url2c4d65a7,
    url = {https://go.drugbank.com/drugs/DB13956}
}

@online{url39586b7c,
    url = {https://go.drugbank.com/drugs/DB12319}
}

@online{urlce2114fa,
    url = {https://go.drugbank.com/drugs/DB08862}
}

@online{url7fbc9c69,
    url = {https://go.drugbank.com/drugs/DB00975}
}

@online{url755920c0,
    url = {https://go.drugbank.com/drugs/DB00530}
}

@online{url17eab34e,
    url = {https://go.drugbank.com/drugs/DB01645}
}

@online{url50591f43,
    url = {https://go.drugbank.com/drugs/DB01167}
}

@online{urlfc11b0b2,
    url = {https://go.drugbank.com/drugs/DB00451}
}

@online{url06261f73,
    url = {https://go.drugbank.com/drugs/DB01149}
}

@online{url61903ccf,
    url = {https://go.drugbank.com/drugs/DB00220}
}

@online{url2e2d1e7d,
    url = {https://go.drugbank.com/drugs/DB01051}
}

@online{url6dc713bf,
    url = {https://go.drugbank.com/drugs/DB00554}
}

@online{url0cb3799d,
    url = {https://go.drugbank.com/drugs/DB00206}
}

@online{url0bf73772,
    url = {https://go.drugbank.com/drugs/DB09298}
}

@online{urlb23ca7ed,
    url = {https://go.drugbank.com/drugs/DB00795}
}

@online{url82cdb834,
    url = {https://go.drugbank.com/drugs/DB00759}
}

@online{url4f83dc80,
    url = {https://go.drugbank.com/drugs/DB00932}
}

@online{url192d2a60,
    url = {https://go.drugbank.com/drugs/DB00313}
}

@online{url3ae7f766,
    url = {https://go.drugbank.com/drugs/DB00224}
}

@online{url35c0a40e,
    url = {https://go.drugbank.com/drugs/DB01232}
}

@online{url246549a4,
    url = {https://go.drugbank.com/drugs/DB00503}
}

@online{url755a615e,
    url = {https://go.drugbank.com/drugs/DB11586}
}

@online{url42a35814,
    url = {https://go.drugbank.com/drugs/DB05928}
}

@online{url1ee4510b,
    url = {https://go.drugbank.com/drugs/DB11753}
}

@online{urlf9a1014c,
    url = {https://go.drugbank.com/drugs/DB12978}
}

@online{url03755d2c,
    url = {https://go.drugbank.com/drugs/DB01241}
}

@online{urle0520f8d,
    url = {https://go.drugbank.com/drugs/DB01072}
}

@online{urld3e2dc11,
    url = {https://go.drugbank.com/drugs/DB16226}
}

@online{url23330f01,
    url = {https://go.drugbank.com/drugs/DB11761}
}

@online{urle5c7729e,
    url = {https://www.freemalaysiatoday.com/category/leisure/health/2022/10/27/can-intermittent-fasting-adversely-affect-hormones/}
}

@online{url262ae811,
    url = {https://pubmed.ncbi.nlm.nih.gov/35668998/}
}

@online{url344ecb01,
    url = {https://en.wikipedia.org/wiki/Lipopolysaccharide_binding_protein}
}

@online{url671127bc,
    url = {https://onlinelibrary.wiley.com/doi/10.1111/nep.14107}
}

@online{url6568050a,
    url = {https://jamanetwork.com/journals/jama/article-abstract/2795026}
}

@online{url86d53efd,
    url = {https://www.jacc.org/doi/abs/10.1016/j.jacc.2008.08.050}
}

@online{url9ea1b4ce,
    url = {https://www.acpjournals.org/doi/abs/10.7326/M21-3324}
}

@online{urld4c63a12,
    url = {https://www.mindbodygreen.com/articles/new-study-finds-link-between-vitamin-d-deficiency-and-premature-death}
}

@online{url1da096bc,
    url = {https://www.cdc.gov/chronicdisease/pdf/infographics/chronic-disease-H.pdf}
}

@online{urldb7df935,
    url = {http://v/}
}

@online{url4f791a61,
    url = {https://www.ars.usda.gov/ARSUSERFILES/80400535/DATA/PUBLICATIONS/AMR/1-S2.0-S0889157513000100-MAIN.PDF}
}

@online{url96fecc5a,
    url = {https://topdocumentaryfilms.com/oxycontin-express/}
}

@online{urlb8483652,
    url = {https://www.science.org/doi/10.1126/science.abn7065}
}

@online{url690e7ed2,
    url = {http://dx.doi.org/10.1016/j.chom.2022.09.014}
}

@online{url08812f10,
    url = {https://www.sciencedaily.com/releases/2022/11/221101111556.htm}
}

@online{url47e1e00b,
    url = {https://raypeatforum.com/community/threads/atp-inhibits-bacterial-growth-in-the-gut.3849/}
}

@online{url000f6887,
    url = {https://www.nature.com/articles/nri2515}
}

@online{urlcc436895,
    url = {https://www.science.org/doi/10.1126/scitranslmed.abn5166}
}

@online{urle4681077,
    url = {https://theconversation.com/newly-discovered-species-of-bacteria-in-the-microbiome-may-be-a-culprit-behind-rheumatoid-arthritis-193267}
}

@online{url0f9d7bc0,
    url = {https://doi.org/10.1186/ar578}
}

@online{url6068c007,
    url = {https://doi.org/10.1186/s13075-020-2104-7}
}

@online{url3bd43cf3,
    url = {https://raypeatforum.com/community/threads/where-to-buy-cynoplus-and-cynomel.46660/}
}

@online{url02669807,
    url = {http://www.roadback.org}
}

@online{url8312b567,
    url = {https://www.facebook.com/groups/682294308948252/}
}

@online{urlcf256858,
    url = {https://www.roadback.org/resources/recommended-reading-viewing/pulsed-antibiotic-protocol-and-rationale/}
}

@online{url9c0e712c,
    url = {https://www.genome.gov/genetics-glossary/Microbiome}
}

@online{urlf2c0b3d7,
    url = {https://dx.doi.org/10.1038/s41467-022-33776-x}
}

@online{url30579849,
    url = {https://medicalxpress.com/news/2022-11-iron-chronic-heart-failure-survivors.html}
}

@online{urlc3e3acf2,
    url = {https://medicalxpress.com/tags/iron/}
}

@online{url22b1b239,
    url = {https://medicalxpress.com/tags/red+blood+cells/}
}

@online{urldde73745,
    url = {https://medicalxpress.com/tags/iron+chelation+therapy/}
}

@online{url48a57f4f,
    url = {https://openheart.bmj.com/content/9/1/e001928}
}

@online{urlaa6aa109,
    url = {https://academic.oup.com/ajcn/article/76/3/501/4677413}
}

@online{url6cba3808,
    url = {https://raypeatforum.com/community/attachments/44300/}
}

@online{urlea0eeaef,
    url = {https://doi.org/10.1016/j.fertnstert.2022.08.851}
}

@online{url414ddc28,
    url = {https://medicaldialogues.in/medicine/news/high-vitamin-d-levels-prevent-development-and-growth-of-fibroids-finds-study-101971}
}

@online{url216ec40e,
    url = {https://en.wikipedia.org/wiki/Pyridoxal_phosphate}
}

@online{url4392eccf,
    url = {https://onlinelibrary.wiley.com/doi/10.1002/hup.2852}
}

@online{url65499624,
    url = {https://www.news-medical.net/news/20220719/Could-Vitamin-B6-Reduce-Anxiety-and-Depression.aspx}
}

@online{url96dff420,
    url = {https://europepmc.org/article/med/34512411}
}

@online{url2f381c42,
    url = {https://www.ncbi.nlm.nih.gov/pmc/articles/PMC9216608/}
}

@online{urlee799575,
    url = {https://raypeatforum.com/community/threads/pyridoxine-is-toxic-and-inhibit-p5p-function.26994/}
}

@online{url7693c667,
    url = {https://www.ahajournals.org/doi/10.1161/HYPERTENSIONAHA.122.19547}
}

@online{url7a004e12,
    url = {https://newsroom.heart.org/news/parkinsons-medication-improved-blood-pressure-in-teens-with-type-1-diabetes}
}

@online{urlad7fe7cc,
    url = {https://pubmed.ncbi.nlm.nih.gov/36358943/}
}

@online{urlac713914,
    url = {https://patents.google.com/patent/US5202126A/en}
}

@online{url6aa37c9f,
    url = {https://www.ncbi.nlm.nih.gov/pmc/articles/PMC7171875/}
}

@online{urlf2a43a8d,
    url = {https://bmcgastroenterol.biomedcentral.com/articles/10.1186/s12876-022-02457-w}
}

@online{url2e9bba2c,
    url = {https://www.sciencedirect.com/science/article/pii/S2211124720312547?via=ihub}
}

@online{url53c2db7c,
    url = {https://www.amed.go.jp/en/news/release_20201014.html}
}

@online{urlb537c993,
    url = {https://brainenergy.com/}
}

@online{urle96a4050,
    url = {https://www.psychologytoday.com/us/blog/advancing-psychiatry/201904/chronic-schizophrenia-put-remission-without-medication}
}

@online{urld787e15f,
    url = {https://www.psychologytoday.com/us/blog/advancing-psychiatry/202211/brain-energy-the-metabolic-theory-mental-illness}
}

@online{url867bb3f9,
    url = {https://www.psychologytoday.com/us/basics/depression}
}

@online{url6d7acfad,
    url = {https://www.psychologytoday.com/us/basics/ssris}
}

@online{url259f38a5,
    url = {https://www.psychologytoday.com/us/basics/therapy}
}

@online{urlac50a24d,
    url = {https://www.psychologytoday.com/us/basics/transcranial-magnetic-stimulation-therapy}
}

@online{url41c5aa24,
    url = {https://www.psychologytoday.com/us/basics/ketamine}
}

@online{url55e4665b,
    url = {https://www.cell.com/trends/cell-biology/fulltext/S0962-8924(17)30028-4}
}

@online{url504d6928,
    url = {https://ajp.psychiatryonline.org/doi/10.1176/appi.ajp.2018.18091079}
}

@online{url950a2830,
    url = {https://www.psychologytoday.com/us/basics/neuroscience}
}

@online{url11e3a4f5,
    url = {https://www.ncbi.nlm.nih.gov/pmc/articles/PMC5605817/}
}

@online{urlf5f545ee,
    url = {https://www.psychologytoday.com/us/basics/dopamine}
}

@online{urlea9e8974,
    url = {https://www.sciencedirect.com/science/article/abs/pii/S0303720713001597?via=ihub}
}

@online{urle8df340b,
    url = {https://www.psychologytoday.com/us/basics/estrogen}
}

@online{urle7990ef1,
    url = {https://www.psychologytoday.com/us/basics/testosterone}
}

@online{urlea21df5d,
    url = {https://www.nature.com/articles/s41577-022-00760-x}
}

@online{url742f38fa,
    url = {https://www.psychologytoday.com/us/basics/diet}
}

@online{urlcc376854,
    url = {https://www.psychologytoday.com/us/basics/leadership}
}

@online{urlf4933007,
    url = {https://journals.lww.com/co-psychiatry/Abstract/2019/09000/Ketogenic_diet_for_schizophrenia__clinical.6.aspx}
}

@online{urldc98f536,
    url = {https://www.science.org/doi/10.1126/sciadv.abf6780?url_ver=Z39.88-2003&rfr_id=ori:rid:crossref.org&rfr_dat=cr_pub  0pubmed}
}

@online{url51cd1b0e,
    url = {https://raypeatforum.com/community/attachments/45225/}
}

@online{url1acf7d10,
    url = {https://www.facebook.com/plugins/post.php?href=https://www.facebook.com/onthebackofatiger/posts/pfbid0FkW4Efr67Ah1uQy2cDZqwDApQ77XpzxxZpkkfCCqD9vJ8TbbWs1xNkVTV1Pup9Nil&show_text=true&width=500}
}

@online{urldba8789e,
    url = {https://raypeatforum.com/community/attachments/45229/}
}

@online{url7362222f,
    url = {https://www.instagram.com/realjoelgreene/}
}

@online{url6c65f9f2,
    url = {https://www.amazon.com/dp/057869140X?tag=rapef020-20}
}

@online{urlbf8fc798,
    url = {https://www.amazon.com/dp/B0BFC5JDD7?tag=rapef020-20}
}

@online{url6dfb30c4,
    url = {https://www.euronews.com/green/2021/11/03/penises-are-shrinking-because-of-pollution-warns-environmental-scientist}
}

@online{url5ea71474,
    url = {https://www.simonandschuster.com/books/Count-Down/Shanna-H-Swan/9781982113667}
}

@online{urlca1da8c3,
    url = {https://www.euronews.com/next/2022/11/15/sperm-count-drop-is-accelerating-worldwide-and-threatens-the-future-of-mankind-study-warns}
}

@online{url83a8ddd4,
    url = {https://raypeatforum.com/community/threads/daily-thc-edibles-shrink-testes-and-reduce-sperm-count-in-monkeys.48540/}
}

@online{url9a1280ec,
    url = {https://youtu.be/ySvFF_bWQqg}
}

@online{urlaab499e4,
    url = {https://youtu.be/316Qi6H9d1Q}
}

@online{urlbf6ade52,
    url = {https://youtu.be/yVyzjEF_sKw}
}

@online{url4d0335f2,
    url = {https://youtu.be/O7HZ7t3fS9E}
}

@online{url6ceebaff,
    url = {https://verifiedshungite.com/}
}

@online{urlbaeed5e4,
    url = {https://youtu.be/z02w4Lus-M0}
}

@online{url8b5a38b9,
    url = {https://youtu.be/eH1cAk94hPE}
}

@online{urlce5c40ca,
    url = {https://youtu.be/YD9QyCc8irA}
}

@online{urla683ffb8,
    url = {https://youtu.be/UpiiwhItFjw}
}

@online{url36c21ebf,
    url = {https://wifishielding.com/products/wifi-shielding-underwear-1?variant=38054639927473}
}

@online{urlb4ed97e5,
    url = {https://youtu.be/tkZoUuAqRhk}
}

@online{url8aeb49c7,
    url = {https://en.wikipedia.org/wiki/Finasteride}
}

@online{urla0bfd3f8,
    url = {https://pubmed.ncbi.nlm.nih.gov/36358917/}
}

@online{url2b21903b,
    url = {http://www.ncbi.nlm.nih.gov/pubmed/9050900}
}

@online{url588f20e6,
    url = {https://www.ncbi.nlm.nih.gov/pubmed/10903980}
}

@online{urlbce9e06f,
    url = {http://en.wikipedia.org/wiki/5-HT2C_receptor}
}

@online{url1ec353be,
    url = {https://www.nature.com/articles/s41398-022-02252-x}
}

@online{url505fea17,
    url = {https://neurosciencenews.com/serotonin-fear-learning-22003/}
}

@online{urlde620510,
    url = {https://en.wikipedia.org/wiki/Agomelatine}
}

@online{url1a2846fd,
    url = {https://en.wikipedia.org/wiki/6-Chloro-5-ethoxy-N-(pyridin-2-yl)indoline-1-carboxamide}
}

@online{url87f33e7f,
    url = {https://en.wikipedia.org/wiki/Eltoprazine}
}

@online{url9002fcaa,
    url = {https://en.wikipedia.org/wiki/Etoperidone}
}

@online{url5c3b6095,
    url = {https://en.wikipedia.org/wiki/Flibanserin}
}

@online{url70088c5c,
    url = {https://en.wikipedia.org/wiki/Fluoxetine}
}

@online{urlad0461fc,
    url = {https://en.wikipedia.org/w/index.php?title=FR-260,010&action=edit&redlink=1}
}

@online{url04c1dde7,
    url = {https://en.wikipedia.org/wiki/Lu_AA24530}
}

@online{url88028c5f,
    url = {https://en.wikipedia.org/wiki/Methysergide}
}

@online{urla5f75df0,
    url = {https://en.wikipedia.org/wiki/Nefazodone}
}

@online{urlc558636c,
    url = {https://en.wikipedia.org/wiki/Norfluoxetine}
}

@online{urlbff21d2b,
    url = {https://en.wikipedia.org/wiki/O-Desmethyltramadol}
}

@online{urldf492333,
    url = {https://en.wikipedia.org/wiki/Promethazine}
}

@online{urlbc83cfc9,
    url = {https://en.wikipedia.org/wiki/RS-102,221}
}

@online{url2f83343d,
    url = {https://en.wikipedia.org/wiki/SB-200,646}
}

@online{urla3e4fceb,
    url = {https://en.wikipedia.org/w/index.php?title=SB-221,284&action=edit&redlink=1}
}

@online{url06c881ba,
    url = {https://en.wikipedia.org/wiki/SB-228,357}
}

@online{urlc6626e1a,
    url = {https://en.wikipedia.org/wiki/SB-242,084}
}

@online{url7cdc17ea,
    url = {https://en.wikipedia.org/wiki/SDZ_SER-082}
}

@online{url316ddc41,
    url = {https://en.wikipedia.org/wiki/Tramadol}
}

@online{url6fbee853,
    url = {https://en.wikipedia.org/wiki/Trazodone}
}

@online{url0b8b76bc,
    url = {https://en.wikipedia.org/wiki/Antidepressants}
}

@online{urla3525c3c,
    url = {https://en.wikipedia.org/wiki/Tricyclic_antidepressant}
}

@online{url504dc524,
    url = {https://en.wikipedia.org/wiki/Amitriptyline}
}

@online{urle65f1471,
    url = {https://en.wikipedia.org/wiki/Nortriptyline}
}

@online{url5ae86a0d,
    url = {https://en.wikipedia.org/wiki/Tetracyclic_antidepressant}
}

@online{urld643c89f,
    url = {https://en.wikipedia.org/wiki/Mirtazapine}
}

@online{urla5b1de41,
    url = {https://en.wikipedia.org/wiki/Mianserin}
}

@online{url8421991d,
    url = {https://en.wikipedia.org/wiki/Amoxapine}
}

@online{urlce5a1cde,
    url = {https://en.wikipedia.org/wiki/Antihistamine}
}

@online{url1e489c5d,
    url = {https://en.wikipedia.org/wiki/Cyproheptadine}
}

@online{urlef121ed6,
    url = {https://en.wikipedia.org/wiki/Hydroxyzine}
}

@online{url09562b92,
    url = {https://en.wikipedia.org/wiki/Latrepirdine}
}

@online{url79931120,
    url = {https://en.wikipedia.org/wiki/Antipsychotic}
}

@online{url550dd1fd,
    url = {https://en.wikipedia.org/wiki/Typical_antipsychotic}
}

@online{urla71662e4,
    url = {https://en.wikipedia.org/wiki/Chlorpromazine}
}

@online{url8b182901,
    url = {https://en.wikipedia.org/wiki/Fluphenazine}
}

@online{url5fe40e4b,
    url = {https://en.wikipedia.org/wiki/Loxapine}
}

@online{urld2e16ef2,
    url = {https://en.wikipedia.org/wiki/Thioridazine}
}

@online{urledd1b608,
    url = {https://en.wikipedia.org/wiki/Atypical_antipsychotic}
}

@online{url09213b41,
    url = {https://en.wikipedia.org/wiki/Clozapine}
}

@online{url22d3062b,
    url = {https://en.wikipedia.org/wiki/Olanzapine}
}

@online{url5b77c050,
    url = {https://en.wikipedia.org/wiki/Quetiapine}
}

@online{urledcaa0f5,
    url = {https://en.wikipedia.org/wiki/Risperidone}
}

@online{url30e588f7,
    url = {https://en.wikipedia.org/wiki/Ziprasidone}
}

@online{urlfb1dee82,
    url = {https://en.wikipedia.org/wiki/Deramciclane}
}

@online{url653af808,
    url = {https://en.wikipedia.org/wiki/Ketanserin}
}

@online{urlf930cfdc,
    url = {https://en.wikipedia.org/w/index.php?title=LY-53,857&action=edit&redlink=1}
}

@online{urle506e3be,
    url = {https://en.wikipedia.org/wiki/Metergoline}
}

@online{urlae672379,
    url = {https://en.wikipedia.org/wiki/Methiothepin}
}

@online{url4a6e08d3,
    url = {https://en.wikipedia.org/wiki/Pizotifen}
}

@online{url042a4059,
    url = {https://en.wikipedia.org/wiki/Ritanserin}
}

@online{urld47cb9b1,
    url = {https://en.wikipedia.org/w/index.php?title=S-32212&action=edit&redlink=1}
}

@online{urlb6400c53,
    url = {https://en.wikipedia.org/wiki/SB-206,553}
}

@online{url0e5d1b79,
    url = {https://en.wikipedia.org/wiki/SB-243,213}
}

@online{url9e0bf8c7,
    url = {https://bmcbiol.biomedcentral.com/articles/10.1186/s12915-022-01395-z}
}

@online{url221c4655,
    url = {https://www.acsh.org/news/2022/10/04/finally-nutrition-study-recognizes-complexity-16586}
}

@online{url54ff9908,
    url = {https://raypeatforum.com/community/attachments/46025/}
}

@online{url61768b0e,
    url = {https://en.wikipedia.org/wiki/Serotonin_transporter}
}

@online{url5d3fa9bd,
    url = {https://doi.org/10.1016/j.bbi.2022.10.024}
}

@online{url8d07088d,
    url = {https://www.news-medical.net/news/20221220/Antidepressant-use-during-pregnancy-may-combine-with-inflammation-to-alter-offspring-neurobiology.aspx}
}

@online{url2e038306,
    url = {https://www.cbs19news.com/story/47982500/uva-study-linking-antidepressants-to-autism}
}

@online{urlaef5be24,
    url = {https://pubmed.ncbi.nlm.nih.gov/35050457/}
}

@online{urld6416423,
    url = {https://en.wikipedia.org/wiki/Allura_Red_AC}
}

@online{url2a9b3bb2,
    url = {https://www.independent.co.uk/news/health/ibd-crohns-ulcerative-colitis-food-dye-allura-red-b2248564.html}
}

@online{url11c890ba,
    url = {https://www.news-medical.net/news/20221220/Study-shows-common-synthetic-food-dye-as-a-potential-dietary-trigger-for-IBDs.aspx}
}

@online{url008bd4ee,
    url = {http://www.thelancet.com/journals/lancet/article/PIIS0140673607613063/abstract}
}

@online{url236ffc54,
    url = {https://en.wikipedia.org/wiki/War_on_cancer}
}

@online{url01d597ca,
    url = {https://raypeatforum.com/community/threads/aspirin-can-fully-replace-your-annual-colonoscopy.13979/}
}

@online{url67f60324,
    url = {https://www.nejm.org/doi/full/10.1056/NEJMoa2208375}
}

@online{urlcd75bad4,
    url = {https://www.cnn.com/2022/10/09/health/colonoscopy-cancer-death-study/index.html}
}

@online{url993f0293,
    url = {https://raypeatforum.com/community/threads/the-great-prostate-hoax-how-big-medicine-hijacked-the-psa-test-and-caused-a-public-health-disaster.26375/}
}

@online{url912dcf14,
    url = {https://raypeatforum.com/community/attachments/47601/}
}

@online{url7b92561b,
    url = {https://raypeatforum.com/community/attachments/47604/}
}

@online{urlc41e4a8d,
    url = {https://en.wikipedia.org/wiki/Incel}
}

@online{url9b15e5c3,
    url = {https://en.wikipedia.org/wiki/Operation_Mockingbird}
}

@online{url70a8cedd,
    url = {https://en.wikipedia.org/wiki/MKUltra}
}

@online{url5574e734,
    url = {https://www.utexaspressjournals.org/doi/abs/10.7560/JHS31204}
}

@online{urlc9f93efb,
    url = {https://www.cam.ac.uk/stories/usa-sexually-teased-troops-in-first-world-war-to-make-them-fight-harder}
}

@online{url204bebf3,
    url = {https://www.youtube.com/watch?v=smV6ENpthsU}
}

@online{urlbbb984a7,
    url = {https://www.youtube.com/watch?v=RsMLqR7cCtE}
}

@online{url9488ae3e,
    url = {https://raypeatforum.com/community/goto/post?id=866609}
}

@online{url0e3439b2,
    url = {https://www.healthline.com/health/sleep-deprivation/effects-on-body}
}

@online{url33c295c8,
    url = {https://jamanetwork.com/journals/jamainternalmedicine/fullarticle/2735446}
}

@online{url37633fa6,
    url = {https://www.healthline.com/health/obesity}
}

@online{url8c48fe60,
    url = {https://www.youtube.com/watch?v=JmAJqYAPS04}
}

@online{url03bae873,
    url = {https://pubmed.ncbi.nlm.nih.gov/19591032/}
}

@online{url69dc21f1,
    url = {https://slatestarcodex.com/2020/02/10/autogenderphilia-is-common-and-not-especially-related-to-transgender/}
}

@online{url091e4836,
    url = {https://www.youtube.com/shorts/VHAZ47Kq-1A}
}

@online{url5315fcd1,
    url = {https://www.youtube.com/watch?v=WjENwU-k4Ks}
}

@online{url6e649d61,
    url = {https://en.wikipedia.org/wiki/African_elephant}
}

@online{url7f17c374,
    url = {https://en.wikipedia.org/wiki/Asian_elephant}
}

@online{url05aa4d14,
    url = {https://en.wikipedia.org/wiki/Heterosexual}
}

@online{url8af8a5e9,
    url = {https://getpocket.com/explore/item/change-your-mind-about-dating}
}

@online{url051314bc,
    url = {https://incels.wiki/w/Scientific_Blackpill}
}

@online{url52b61744,
    url = {https://en.wikipedia.org/wiki/Kali}
}

@online{url02e5fe23,
    url = {https://en.wikipedia.org/wiki/Kali_(asura)}
}

@online{urle8bb5daf,
    url = {https://www.gitainsight.com/2020/05/kali-yuga-predictions-from-bhagavad.html}
}

@online{url9fe8bb8a,
    url = {https://www.washingtonpost.com/technology/2022/09/22/incels-rape-murder-study/}
}

@online{url92e79814,
    url = {https://www.axios.com/2021/10/21/biden-jan-6-capitol-riot-white-supremacy}
}

@online{url6ff8574b,
    url = {https://www.cnn.com/2022/10/26/politics/gretchen-whitmer-kidnapping-plot-michigan/index.html}
}

@online{urlbd12a9fe,
    url = {https://www.salon.com/2022/03/15/secret-report-details-growing-of-incel-terrorism/}
}

@online{urle6f325c7,
    url = {https://www.youtube.com/watch?v=73hnG_JfJ_k}
}

@online{url783bd81e,
    url = {https://endtimes.video/magicians-video/}
}

@online{url4ede8df3,
    url = {https://benjaminfulford.net/category/white-dragon-society/}
}

@online{url4fd570c8,
    url = {https://penandblot.medium.com/heres-exactly-how-popular-dating-apps-rate-your-attractiveness-7642bc5bb2b2}
}

@online{urlff06f478,
    url = {https://www.youtube.com/watch?v=k9utcDoerr0}
}

@online{urled9401f3,
    url = {https://raypeatforum.com/community/attachments/44951/}
}

@online{url6614dba8,
    url = {https://www.federalreservehistory.org/essays/gramm_leach_bliley_act}
}

@online{urle592f436,
    url = {https://sci-hub.se/https:/doi.org/10.1016/j.psyneuen.2019.03.032}
}

@online{url1e042d38,
    url = {https://www.ncbi.nlm.nih.gov/pmc/articles/PMC5240944/}
}

@online{urlfe66311d,
    url = {https://sci-hub.se/https:/doi.org/10.1016/j.forsciint.2008.11.014}
}

@online{urlb96a3fc8,
    url = {https://www.ncbi.nlm.nih.gov/pmc/articles/PMC7530148/}
}

@online{url89c3818c,
    url = {https://sci-hub.se/https:/doi.org/10.1016/j.forsciint.2009.12.040}
}

@online{url7cb11f0d,
    url = {https://sci-hub.se/https:/doi.org/10.1210/jc.2013-1056}
}

@online{url2b15251e,
    url = {https://sci-hub.se/https:/doi.org/10.1016/j.psyneuen.2017.02.024}
}

@online{url6174c00d,
    url = {https://sci-hub.se/https:/doi.org/10.1016/j.cca.2013.08.022}
}

@online{urlfbe8cd6e,
    url = {https://sci-hub.se/https:/doi.org/10.3109/10253890.2010.511352}
}

@online{url2e447248,
    url = {https://www.ncbi.nlm.nih.gov/pmc/articles/PMC2945912/}
}

@online{url4d701d53,
    url = {https://sci-hub.se/https:/doi.org/10.1016/j.biopsych.2011.12.020}
}

@online{url8a669697,
    url = {https://sci-hub.se/https:/doi.org/10.1016/j.psyneuen.2011.02.012}
}

@online{url2225937a,
    url = {https://sci-hub.se/https:/doi.org/10.1016/j.steroids.2011.04.005}
}

@online{urlcc255fc7,
    url = {https://www.ncbi.nlm.nih.gov/pmc/articles/PMC3217842/}
}

@online{url0309d25e,
    url = {https://sci-hub.se/https:/doi.org/10.1016/j.psyneuen.2011.09.001}
}

@online{url7f3c0038,
    url = {https://pubmed.ncbi.nlm.nih.gov/17892760/}
}

@online{url7451db93,
    url = {https://sci-hub.se/https:/doi.org/10.1080/10253890801887388}
}

@online{url334bdc11,
    url = {https://sci-hub.se/https:/doi.org/10.1016/j.psyneuen.2013.07.015}
}

@online{url9e47d97a,
    url = {https://pubmed.ncbi.nlm.nih.gov/9799871/}
}

@online{urladfcc8ad,
    url = {https://pubmed.ncbi.nlm.nih.gov/19131197/}
}

@online{url98d202c4,
    url = {https://pubmed.ncbi.nlm.nih.gov/10435320/}
}

@online{urlb30f4519,
    url = {https://sci-hub.se/https:/doi.org/10.1039/a903912k}
}

@online{urla645329b,
    url = {https://sci-hub.se/https:/doi.org/10.1016/j.jpba.2012.04.011}
}

@online{urlba88d7bb,
    url = {https://www.ncbi.nlm.nih.gov/pmc/articles/PMC6568399/}
}

@online{urlfaab51c1,
    url = {https://pubmed.ncbi.nlm.nih.gov/11787430/}
}

@online{urlaa98c6d2,
    url = {https://sci-hub.se/https:/doi.org/10.1055/s-0034-1374609}
}

@online{urlfe567ce5,
    url = {https://sci-hub.se/https:/doi.org/10.1093/jat/23.5.352}
}

@online{urlb99cb7ff,
    url = {https://sci-hub.se/https:/doi.org/10.1093/jat/23.6.424}
}

@online{url935bd7f5,
    url = {https://sci-hub.se/https:/doi.org/10.1097/ftd.0b013e3181c004f1}
}

@online{urlf39db39b,
    url = {https://sci-hub.se/https:/doi.org/10.1016/j.jchromb.2013.03.008}
}

@online{urle7a39104,
    url = {https://sci-hub.se/https:/doi.org/10.1016/j.steroids.2019.108547}
}

@online{url6ca70516,
    url = {https://www.ncbi.nlm.nih.gov/pmc/articles/PMC8942333/}
}

@online{urle837fce2,
    url = {https://doi.org/10.1016/j.steroids.2020.108732}
}

@online{url6754fc60,
    url = {https://sci-hub.se/https:/doi.org/10.1016/j.jchromb.2017.05.007}
}

@online{urla1e86ca7,
    url = {https://pubmed.ncbi.nlm.nih.gov/10892024/}
}

@online{url3171a6a7,
    url = {https://www.ncbi.nlm.nih.gov/pmc/articles/PMC8423693/}
}

@online{url00e41cc9,
    url = {https://sci-hub.se/https:/doi.org/10.1016/j.chroma.2020.461179}
}

@online{url1db4ca25,
    url = {https://sci-hub.se/https:/doi.org/10.1159/000504672}
}

@online{url8de16c1a,
    url = {https://sci-hub.se/https:/doi.org/10.1007/s00216-011-5172-3}
}

@online{urle85da296,
    url = {https://sci-hub.se/https:/doi.org/10.1016/j.psyneuen.2015.01.015}
}

@online{url0bccfbb2,
    url = {https://sci-hub.se/https:/doi.org/10.1007/s00216-018-1131-6}
}

@online{urlaa7095e7,
    url = {https://cdnsciencepub.com/doi/10.1139/cjpp-2017-0193}
}

@online{urlb5293711,
    url = {https://www.ncbi.nlm.nih.gov/pmc/articles/PMC2951060/}
}

@online{url1e694ae8,
    url = {https://sci-hub.se/https:/doi.org/10.1016/j.steroids.2016.02.013}
}

@online{urlf9c8150b,
    url = {https://sci-hub.se/https:/doi.org/10.1016/s0378-4347(01)00038-x}
}

@online{url807ac76c,
    url = {https://sci-hub.se/https:/doi.org/10.1016/j.steroids.2018.09.015}
}

@online{urlfc97043e,
    url = {https://pubmed.ncbi.nlm.nih.gov/11168798/}
}

@online{url59e1c0e2,
    url = {https://pubmed.ncbi.nlm.nih.gov/33535392/}
}

@online{url0139e870,
    url = {https://academic.oup.com/jat/article/24/2/102/853715}
}

@online{urlaec17839,
    url = {https://www.physiciansweekly.com/imbalance-in-the-estrogen-androgen-ratio-may-affect-prostate-fibrosis-through-the-tgf-β-smad-signaling-pathway}
}

@online{url1872ea47,
    url = {https://pubmed.ncbi.nlm.nih.gov/29625166/}
}

@online{url59393719,
    url = {https://pubmed.ncbi.nlm.nih.gov/18762187/}
}

@online{url24b5dea5,
    url = {https://www.nature.com/articles/s41598-020-75059-9}
}

@online{urle1afc768,
    url = {https://www.infrafrontier.eu/news/increased-estrogen-androgen-ratio-mice-feminize-male-immune-system}
}

@online{url70eebb39,
    url = {https://www.frontiersin.org/articles/10.3389/fendo.2020.00362/full}
}

@online{urle3ed4c01,
    url = {https://pubmed.ncbi.nlm.nih.gov/16114065/}
}

@online{url736e1b7a,
    url = {https://academic.oup.com/jcem/article/93/4/1464/2826889}
}

@online{urld012660c,
    url = {https://pubmed.ncbi.nlm.nih.gov/33632142/}
}

@online{urle8a4c5da,
    url = {https://pubmed.ncbi.nlm.nih.gov/30052805/}
}

@online{urlb683e204,
    url = {https://pubmed.ncbi.nlm.nih.gov/26633088/}
}

@online{urle63649db,
    url = {https://pubmed.ncbi.nlm.nih.gov/11176482/}
}

@online{url3be95467,
    url = {https://www.researchgate.net/publication/11565651_Aromatase_inhibitors_for_male_infertility}
}

@online{url522314fe,
    url = {https://www.researchgate.net/publication/350803812_Is_There_A_Role_for_Dihydrotestosterone_Estradiol_Ratio_in_Premature_Ejaculation}
}

@online{urle4b3a070,
    url = {https://pubmed.ncbi.nlm.nih.gov/22790643/}
}

@online{url07f09518,
    url = {https://pubmed.ncbi.nlm.nih.gov/20934689/}
}

@online{urlf30e8bdf,
    url = {https://pubmed.ncbi.nlm.nih.gov/22579129/}
}

@online{url66d87b7c,
    url = {https://pubmed.ncbi.nlm.nih.gov/16443585/}
}

@online{urla45b035d,
    url = {https://pubmed.ncbi.nlm.nih.gov/34591405/}
}

@online{url2eebe07f,
    url = {https://pubmed.ncbi.nlm.nih.gov/19996653/}
}

@online{url74edb727,
    url = {https://pubmed.ncbi.nlm.nih.gov/23103016/}
}

@online{urlf86032df,
    url = {https://pubmed.ncbi.nlm.nih.gov/18840816/}
}

@online{url28b297ff,
    url = {https://pubmed.ncbi.nlm.nih.gov/4726534/}
}

@online{urla18eafd4,
    url = {https://pubmed.ncbi.nlm.nih.gov/6542571/}
}

@online{url4b063052,
    url = {https://pubmed.ncbi.nlm.nih.gov/22873835/}
}

@online{urlf1783538,
    url = {https://pubmed.ncbi.nlm.nih.gov/16195010/}
}

@online{url9957106f,
    url = {https://pubmed.ncbi.nlm.nih.gov/9641402/}
}

@online{url241c0c98,
    url = {https://pubmed.ncbi.nlm.nih.gov/15487904/}
}

@online{urle19fbaf8,
    url = {https://pubmed.ncbi.nlm.nih.gov/14971972/}
}

@online{url95b9d865,
    url = {https://opensportssciencesjournal.com/VOLUME/9/PAGE/104/FULLTEXT/}
}

@online{urldf53cbd5,
    url = {https://www.sciencedirect.com/science/article/abs/pii/S030645301630676X}
}

@online{url9d7586c5,
    url = {https://www.ncbi.nlm.nih.gov/pmc/articles/PMC5640004/}
}

@online{urlc57b12ea,
    url = {https://pubmed.ncbi.nlm.nih.gov/16009799/}
}

@online{urlecc5c9d8,
    url = {https://journals.plos.org/plosone/article?id=10.1371/journal.pone.0169827}
}

@online{urlbb066df9,
    url = {https://tahomaclinic.com/Research/HandbookPDFs/DHEA-Cortisol-Ratio.pdf}
}

@online{urlc5d6b995,
    url = {https://people.clas.ufl.edu/dkertes/files/Kamin_Kertes_HB_2017.pdf}
}

@online{urlfd2f8c0c,
    url = {https://pubmed.ncbi.nlm.nih.gov/17101532/}
}

@online{url151575f7,
    url = {https://pubmed.ncbi.nlm.nih.gov/9809849/}
}

@online{urlc9e1118a,
    url = {https://www.ncbi.nlm.nih.gov/pmc/articles/PMC5203799/}
}

@online{urldd93a2f1,
    url = {https://eje.bioscientifica.com/view/journals/eje/163/2/285.xml}
}

@online{urlbbcdebb5,
    url = {https://eje.bioscientifica.com/view/journals/eje/162/5/919.xml?body=contentsummary-10419}
}

@online{urlaf4bccf9,
    url = {https://www.wjgnet.com/1007-9327/full/v16/i6/659.htm}
}

@online{url2e0a2b8e,
    url = {https://www.natap.org/2001/8thcroi/lipomayberelated031401.htm}
}

@online{url0640fcf4,
    url = {https://www.endocrine-abstracts.org/ea/0049/ea0049ep721}
}

@online{url452201c3,
    url = {https://drg-international.com/2021/01/28/dhea-cortisol-adrenal-androgens-as-independent-predictors/}
}

@online{url1ec6a79c,
    url = {https://ajp.psychiatryonline.org/doi/full/10.1176/appi.ajp.159.7.1237}
}

@online{url91582b4d,
    url = {https://benthamopen.com/contents/pdf/TONEUROPPJ/TONEUROPPJ-5-18.pdf}
}

@online{urlb23c741e,
    url = {https://scholarworks.uvm.edu/cgi/viewcontent.cgi?article=1496&context=graddis}
}

@online{urleaaf896f,
    url = {https://www.ptsd.va.gov/professional/articles/article-pdf/id26753.pdf}
}

@online{urla19b4f5b,
    url = {https://ccforum.biomedcentral.com/articles/10.1186/s13054-017-1768-0}
}

@online{urlb35d7d7a,
    url = {https://www.sciencedirect.com/science/article/abs/pii/S0306453008002114}
}

@online{url2624aa4b,
    url = {https://www.nature.com/articles/s41366-021-00997-x}
}

@online{url74eaa092,
    url = {https://www.nature.com/articles/1395805}
}

@online{url82f4d176,
    url = {https://academic.oup.com/jes/article/3/4/801/5368377}
}

@online{url94b8f70b,
    url = {https://www.jofem.org/index.php/jofem/article/view/43/72}
}

@online{url511e3e70,
    url = {https://pubmed.ncbi.nlm.nih.gov/9264142/}
}

@online{url120f500e,
    url = {https://www.sciencedirect.com/science/article/abs/pii/S0029784400006013}
}

@online{url2bd28679,
    url = {https://eje.bioscientifica.com/view/journals/eje/57/4/acta_57_4_008.xml}
}

@online{url8cd0043f,
    url = {https://www.researchgate.net/publication/261996608_Abiraterone_Acetate_to_Lower_Androgens_in_Women_With_Classic_21-Hydroxylase_Deficiency}
}

@online{url50769051,
    url = {https://www.tandfonline.com/doi/abs/10.1080/tam.4.3.134.139}
}

@online{urlb0eca5c9,
    url = {https://brieflands.com/articles/ijem-109510.html}
}

@online{url053daeb1,
    url = {https://academic.oup.com/jcem/article-abstract/43/3/571/2684705?redirectedFrom=fulltext}
}

@online{url3292dd28,
    url = {https://www.selftestable.com/new-jersey-blood-test-ordering}
}

@online{url26ead5f7,
    url = {https://raypeatforum.com/community/attachments/44487/}
}