@online{url249b24ac,
    url = {https://www.nature.com/articles/s41586-022-05637-6}
}

@online{url0cd743ec,
    url = {https://www.newscientist.com/article/2356267-a-diet-high-in-amino-acids-reduced-diabetes-related-nerve-pain-in-mice/}
}

@online{url623e7dc2,
    url = {https://pubmed.ncbi.nlm.nih.gov/36724169/}
}

@online{url13bf9470,
    url = {https://www.upi.com/Health_News/2023/02/02/vitamin-D-suicide/2901675348379/}
}

@online{url98hsadha,
    url = {https://drive.google.com/file/d/1i5e-Li9APT7kh1b2x4rhqDfctVJtWMbC/view}
}

@online{url0e8d83d9,
    url = {https://vitamindwiki.com/tiki-download_wiki_attachment.php?attId=12091&download=y}
}

@online{url01n510no,
    url = {https://pmc.ncbi.nlm.nih.gov/articles/PMC10070388/}
}

@online{url98123b89,
    url = {https://www.yahoo.com/video/1-best-supplement-preventing-treating-153046602.html}
}

@online{url88sadh8m,
    url = {https://www.dailymail.co.uk/sciencetech/article-12859057/Now-scientists-say-BREATHING-bad-environment-Gases-exhale-contribute-0-1-UKs-greenhouse-gas-emissions.html}
}

@online{url8c573fb8,
    url = {https://www.ajgponline.org/article/S1064-7481(22)00495-X/fulltext}
}

@online{url186afbca,
    url = {https://onlinelibrary.wiley.com/doi/10.1111/ncn3.12390}
}

@online{urle2198g3h,
    url = {https://www.rt.com/news/589091-human-breathing-global-warming-study/}
}

@online{url2398g3hm,
    url = {https://journals.plos.org/plosone/article?id=10.1371/journal.pone.0295157}
}

@online{url91732an4,
    url = {https://www.cnn.com/interactive/2023/03/us/oklahoma-city-bombing-yeakey-death-cec-cnnphotos/}
}

@online{urlqwueg298,
    url = {https://pubmed.ncbi.nlm.nih.gov/36914910/}
}

@online{url935cd9e3,
    url = {https://www.hormonesmatter.com/thiamine-deficiency-testing-understanding-labs/}
}

@online{urlf7c48735,
    url = {https://knowledgeofhealth.com/disease-of-modern-civilization-threatens-eradication-all-life/}
}

@online{urlc828e1b1,
    url = {https://www.nature.com/articles/35098076}
}

@online{url253696d6,
    url = {https://onlinelibrary.wiley.com/doi/10.1111/brv.12115}
}

@online{urli923nx92,
    url = {https://www.dubaiweek.ae/a-deficiency-of-an-important-enzyme-in-the-body-causes-kidney-disease/}
}

@online{url870affb8,
    url = {https://www.science.org/doi/10.1126/science.abn4705}
}

@online{urld4b5d43c,
    url = {https://www.the-scientist.com/news-opinion/mitochondrial-metabolism-dictates-neurons-growth-rate-70928}
}

@online{url4b083042,
    url = {https://pubmed.ncbi.nlm.nih.gov/30700763/}
}

@online{url6339f6b5,
    url = {https://pubmed.ncbi.nlm.nih.gov/1900585/}
}

@online{url1b63b5eb,
    url = {https://pubmed.ncbi.nlm.nih.gov/9606583/}
}

@online{url5b2e2389,
    url = {https://ajp.psychiatryonline.org/doi/full/10.1176/appi.ajp.157.9.1524-a?mobileUi=0}
}

@online{urldbe76554,
    url = {https://annals-general-psychiatry.biomedcentral.com/articles/10.1186/1744-859X-5-S1-S159}
}

@online{urld7e32104,
    url = {https://www.jneurosci.org/content/43/3/433}
}

@online{url605fa7b2,
    url = {https://studyfinds.org/why-ptsd-patients-have-nightmares/}
}

@online{url13612379,
    url = {https://accp1.onlinelibrary.wiley.com/doi/10.1002/cpdd.1203}
}

@online{urld418acde,
    url = {https://alsnewstoday.com/symptoms-of-als-2/}
}

@online{url3b02dd78,
    url = {https://en.wikipedia.org/wiki/Amyotrophic_lateral_sclerosis}
}

@online{url21c0fc05,
    url = {https://www.ncbi.nlm.nih.gov/pubmed/24507664}
}

@online{url583d2099,
    url = {https://www.ncbi.nlm.nih.gov/pubmed/23533690}
}

@online{url4bc04100,
    url = {https://link.springer.com/article/10.1007/BF02340871}
}

@online{urla1beaccf,
    url = {https://www.amazon.com/dp/B073NCFNLX?ref_=cm_sw_r_kb_dp_3v7Gzb7N0R25M&tag=hormonesmatte-20&linkCode=kpe}
}

@online{urldfaea2f6,
    url = {https://www.functionalps.com/blog/2012/04/10/anti-inflammatory-omega-9-mead-acid-eicosapentaenoic-acid/}
}

@online{urld4f4fef4,
    url = {https://highdosethiamine.org/hdt-therapy/}
}

@online{url675e2dfb,
    url = {https://en.wikipedia.org/wiki/Terguride}
}

@online{url9bd14d7f,
    url = {https://www.science.org/doi/10.1126/scitranslmed.adc9606}
}

@online{url2b414b17,
    url = {https://www.eurekalert.org/news-releases/978014}
}

@online{url574afbf4,
    url = {https://www.science.org/doi/10.1126/scitranslmed.adc9606?adobe_mc=MCMID=42124774867081144512453822721613723468|MCORGID=242B6472541199F70A4C98A6%40AdobeOrg|TS=1676238274}
}

@online{url97b7a952,
    url = {https://columbiasurgery.org/heart/mitral-valve-repair}
}

@online{url8cbd5e8d,
    url = {https://www.cureus.com/articles/136789-vitamin-d3-promotes-structural-and-functional-recovery-after-vincristine-induced-peripheral-neuropathy-in-rats-an-experimental-study}
}

@online{url26be2237,
    url = {https://pubmed.ncbi.nlm.nih.gov/6620818/}
}

@online{urla65d3dd4,
    url = {https://pubmed.ncbi.nlm.nih.gov/2176035/}
}

@online{urla7dcebd5,
    url = {https://www.nature.com/articles/s41536-022-00214-x}
}

@online{url73acd1fe,
    url = {https://www.frontiersin.org/articles/10.3389/fphar.2022.1030785/full}
}

@online{urlbcc4dff6,
    url = {https://www.ncbi.nlm.nih.gov/pmc/articles/PMC6251687/}
}

@online{url9f823b31,
    url = {https://www.ncbi.nlm.nih.gov/pmc/articles/PMC6572350/}
}

@online{url654202b3,
    url = {https://www.mdpi.com/1422-0067/24/2/1086}
}

@online{url34f35814,
    url = {https://www.news-medical.net/news/20230123/Mitochondrial-dysfunction-and-endothelial-impairment-linked-to-many-cardiovascular-diseases.aspx}
}

@online{url61f6b995,
    url = {https://pubmed.ncbi.nlm.nih.gov/22110589/}
}

@online{url05495305,
    url = {https://pubmed.ncbi.nlm.nih.gov/11247548/}
}

@online{url5d4e5e7f,
    url = {https://www.researchgate.net/publication/325879020_High_throughput_screening_of_mitochondrial_bioenergetics_in_human_differentiated_myotubes_identifies_novel_enhancers_of_muscle_performance_in_aged_mice}
}

@online{url04d77bf7,
    url = {https://www.biologicalpsychiatryjournal.com/article/S0006-3223(23)00050-1/fulltext}
}

@online{url8da305ef,
    url = {https://www.umms.org/ummc/news/2023/trial-finds-aspirin-effectively-prevents-complications-after-fracture}
}

@online{url8ce063c2,
    url = {https://www.sciencedaily.com/releases/2023/01/230118195700.htm}
}

@online{url7b76a478,
    url = {https://www.aan.com/PressRoom/home/PressRelease/659}
}

@online{urladc8d826,
    url = {https://dx.doi.org/10.1038/s41467-023-35876-8}
}

@online{urlbb988ce6,
    url = {https://phys.org/news/2023-01-uv-emitting-dryers-dna-mutations-cells.html}
}

@online{url9706387d,
    url = {https://phys.org/tags/molecular+medicine/}
}

@online{url7e1724fa,
    url = {https://phys.org/tags/human+cells/}
}

@online{url9df0163d,
    url = {https://en.wikipedia.org/wiki/Androgen_deprivation_therapy}
}

@online{urld6466404,
    url = {https://pubmed.ncbi.nlm.nih.gov/36693531/}
}

@online{urla88bc7ba,
    url = {https://clinicaltrials.gov/ct2/show/NCT04478734}
}

@online{url4d9a5b3b,
    url = {https://www.science.org/doi/10.1126/scitranslmed.abe7104}
}

@online{url64d38a1f,
    url = {https://www.nature.com/articles/s41467-022-35388-x}
}

@online{url4ad073bc,
    url = {https://www.sciencedaily.com/releases/2022/12/221221135534.htm}
}

@online{url73352a05,
    url = {https://www.mdpi.com/2072-6643/15/1/174}
}

@online{url557a95fd,
    url = {https://www.lifespan.io/news/nad-supplement-protects-intestines-from-alcohol-in-mice/}
}

@online{urle4d8b7e3,
    url = {https://www.ncbi.nlm.nih.gov/pmc/articles/PMC3563434/}
}

@online{url2a8f6789,
    url = {https://en.wikipedia.org/wiki/Rate-of-living_theory}
}

@online{url31dadc27,
    url = {https://www.nature.com/articles/s43587-022-00340-7}
}

@online{url7da47320,
    url = {https://newsroom.uw.edu/news/roundworm-lifespan-extended-mitochondria-study}
}

@online{urla98e9072,
    url = {https://interestingengineering.com/health/roundworms-could-help-stop-aging}
}

@online{urlafb0f6e2,
    url = {https://interestingengineering.com/science/producing-synthetic-cells-interact-living-matter}
}

@online{url2c970d17,
    url = {https://www.ncbi.nlm.nih.gov/pmc/articles/PMC8465065/}
}

@online{urld8263ea4,
    url = {https://raypeatforum.com/community/attachments/48081/}
}

@online{urlabbc1dcb,
    url = {https://raypeatforum.com/community/attachments/48082/}
}

@online{url004d43be,
    url = {https://gut.bmj.com/content/41/3/344}
}

@online{url4d6a2066,
    url = {https://raypeatforum.com/community/threads/the-cancer-metabolism-drives-aging-in-humans.49606/}
}

@online{url34330aaf,
    url = {https://www.nature.com/articles/s42003-022-04303-x}
}

@online{urlb1485878,
    url = {https://pubmed.ncbi.nlm.nih.gov/36470528/}
}

@online{url6315ee11,
    url = {https://www.healio.com/news/gastroenterology/20221221/blood-endotoxins-may-aid-disease-detection-staging-in-nafld}
}

@online{url4846f965,
    url = {https://www.healio.com/news/gastroenterology/20221004/nonliverrelated-mortality-can-be-higher-in-nafld-depending-on-age-fibrosis-stage}
}

@online{urld50e29af,
    url = {https://www.thenakedscientists.com/articles/interviews/mitochondrial-dna-linked-personality-type}
}

@online{urlbf63f969,
    url = {https://alz-journals.onlinelibrary.wiley.com/doi/10.1002/dad2.12404}
}

@online{url113b2c94,
    url = {https://www.sciencedaily.com/releases/2023/03/230301101511.htm}
}

@online{urla8e7462c,
    url = {https://www.jacionline.org/article/S0091-6749(22)01477-4/fulltext}
}

@online{urlb33d9389,
    url = {https://www.news.uzh.ch/en/articles/media/2022/Geschirrspuelmittel.html}
}

@online{url0dc629e5,
    url = {https://media.doterra.com/us/en/pips/abode-dishwasher-pods-ingredients.pdf}
}

@online{url8154f311,
    url = {https://mommypotamus.com/homemade-dishwasher-detergent/}
}

@online{url54f3d9f0,
    url = {https://www.aspenclean.com/blogs/sustainable-living/non-toxic-dishwasher-detergent}
}

@online{url3bc36269,
    url = {https://raypeatforum.com/community/attachments/48998/}
}

@online{url81db2894,
    url = {https://en.m.wikipedia.org/wiki/Subtilisin}
}

@online{url35d0c501,
    url = {https://safety365.sevron.co.uk/substances/accessSDS/SDS-6943-572c1d88e85b86.27773827}
}

@online{urla416083f,
    url = {https://www.amazon.com/dp/B09B85NGBT?tag=rapef020-20}
}

@online{url5d9f158b,
    url = {https://www.amazon.com/dp/B00HBBX9ZO?tag=rapef020-20}
}

@online{urlf618b2d2,
    url = {https://www.amazon.com/dp/B07J66814K?tag=rapef020-20}
}

@online{url93810eaf,
    url = {https://www.amazon.com/dp/B09VSNYWMZ?tag=rapef020-20}
}

@online{urlfb3e16b8,
    url = {https://www.nature.com/articles/s41591-023-02223-9}
}

@online{urlbc6e8c35,
    url = {https://www.cnn.com/2023/02/27/health/zero-calorie-sweetener-heart-attack-stroke-wellness/index.html}
}

@online{url8cf55839,
    url = {http://www.accessdata.fda.gov/scripts/fcn/gras_notices/grn000301.pdf}
}

@online{urlf86611a9,
    url = {http://www.biovittoria.com/biovittoria}
}

@online{url1386a8aa,
    url = {https://en.wikipedia.org/wiki/Terguride#Research}
}

@online{url97262801,
    url = {https://www.ncbi.nlm.nih.gov/pmc/articles/PMC4312574/}
}

@online{url1c5d39a5,
    url = {https://www.nature.com/articles/s44161-023-00214-0}
}

@online{urla715ffeb,
    url = {https://www.goodreads.com/quotes/458856-my-dear-here-we-must-run-as-fast-as-we}
}

@online{urlf53a2afa,
    url = {https://en.wikipedia.org/wiki/Hayflick_limit}
}

@online{url074d4043,
    url = {https://www.sciencedaily.com/releases/2023/01/230112182108.htm}
}

@online{urla2f976ed,
    url = {https://www.functionalps.com/blog/2012/11/05/comparison-oxidative-metabolism-v-glycolytic-metabolic/}
}

@online{url931f7cc5,
    url = {https://www.nature.com/articles/ncomms5924}
}

@online{url4137d030,
    url = {https://jbiomedsci.biomedcentral.com/articles/10.1186/s12929-023-00895-6}
}

@online{urldcfb15fa,
    url = {https://doi.org/10.1016/j.jbc.2023.104784}
}

@online{url76121df8,
    url = {https://www.news-medical.net/news/20230508/High-fat-diets-eye-opening-impact-Study-reveals-link-to-retinal-damage-and-bisretinoid-accumulation.aspx}
}

@online{url12f57db8,
    url = {https://regnum.ru/news/society/3778853.html}
}

@online{urlcad805c7,
    url = {https://simplicius76.substack.com/p/sitrep-223-putin-prigozhin-pmcs-and}
}

@online{url9a9bef52,
    url = {http://mileswmathis.com/okcb.pdf}
}

@online{url38ca61f9,
    url = {https://sachastone.com/}
}

@online{urla292c508,
    url = {https://pubmed.ncbi.nlm.nih.gov/29490275/}
}

@online{urlc06a8ed0,
    url = {https://www.ncbi.nlm.nih.gov/pmc/articles/PMC5848858/}
}

@online{urle80cbca6,
    url = {https://www.bcpowder.com/pain-relievers/bc-original}
}

@online{urlccb930a0,
    url = {http://haidut.me/?p=815}
}

@online{url0f59b3c2,
    url = {https://pubmed.ncbi.nlm.nih.gov/36699165/}
}

@online{url4c515421,
    url = {https://www.dailymail.co.uk/health/article-11776783/Men-drink-Coca-Cola-Pepsi-larger-testicles-study-mice-suggests.html}
}

@online{urlab63a7df,
    url = {https://www.toxinless.com/blackstrap-molasses}
}

@online{url14cc420d,
    url = {https://youtu.be/cnYUfhfVdsQ}
}

@online{urld423c0f6,
    url = {https://www.nytimes.com/2008/02/07/health/07diabetes.html}
}

@online{url1e39a806,
    url = {https://en.wikipedia.org/wiki/Okinawa_diet}
}

@online{urlb30451bf,
    url = {https://www.theguardian.com/society/2017/mar/17/tsimane-of-the-bolivian-amazon-have-worlds-healthiest-hearts-says-study}
}

@online{url86459822,
    url = {https://onlinelibrary.wiley.com/doi/epdf/10.1111/joim.13639}
}

@online{urlc01f9a0a,
    url = {https://www.jandonline.org/article/S2212-2672(22)00874-7/fulltext}
}

@online{url807a0eff,
    url = {https://www.dailymail.co.uk/health/article-11462201/Intermittent-fasting-RAISE-risk-early-death-30-study-suggests.html}
}

@online{url96a24a53,
    url = {https://www.dailymail.co.uk/health/article-12038715/Low-carb-diets-INCREASE-risk-early-death.html}
}

@online{url31d17c34,
    url = {https://raypeatforum.com/community/attachments/50127/}
}

@online{url8f83fa13,
    url = {https://www.nejm.org/doi/full/10.1056/nejmoa0802743}
}

@online{urlec0b5707,
    url = {https://www.ahajournals.org/doi/10.1161/CIRCOUTCOMES.110.957936}
}

@online{url2e963aee,
    url = {https://pubmed.ncbi.nlm.nih.gov/12634448/}
}

@online{urlb7cc0405,
    url = {https://doi.org/10.1016/j.jacig.2023.100099}
}

@online{url2dbd25fd,
    url = {https://www.technologynetworks.com/tn/news/vitamin-d3-can-alleviate-asthma-symptoms-372623}
}

@online{url88028c5f,
    url = {https://en.wikipedia.org/wiki/Methysergide}
}

@online{url57519be0,
    url = {https://doi.org/10.1177/08830738221092882}
}

@online{urla68caa1d,
    url = {https://www.contemporarypediatrics.com/view/vitamin-d-supplementation-may-aid-in-preventing-migraine}
}

@online{url23ea93dd,
    url = {https://www.sciencedirect.com/science/article/pii/S0531556523000062}
}

@online{url69724481,
    url = {https://pulmonaryfibrosisnews.com/news/targeting-autophagy-epithelial-mesenchymal-transition-halt-fibrosis-study/}
}

@online{urlc964e38d,
    url = {https://pulmonaryfibrosisnews.com/idiopathic-pulmonary-fibrosis/}
}

@online{url77100d42,
    url = {https://www.researchgate.net/publication/40806362_Evaluation_of_the_Efficacy_and_Safety_of_Terguride_in_Patients_With_Fibromyalgia_Syndrome_Results_of_a_Twelve-Week_Multicenter_Randomized_Double-Blind_Placebo-Controlled_Parallel-Group_Study}
}

@online{url771c83f0,
    url = {https://www.ncbi.nlm.nih.gov/pmc/articles/PMC8667310/}
}

@online{url4b7107a2,
    url = {https://www.nature.com/articles/s41467-023-37595-6}
}

@online{url309e3dbe,
    url = {https://doi.org/10.14309/00000434-201310001-02127}
}

@online{url3949221c,
    url = {https://www.nature.com/articles/s41564-023-01369-z}
}

@online{url38733f48,
    url = {https://en.wikipedia.org/wiki/Lipofuscin}
}

@online{urle47261d8,
    url = {https://www.medwelljournals.com/abstract/?doi=javaa.2012.4401.4405}
}

@online{urla575e27b,
    url = {https://onlinelibrary.wiley.com/doi/10.1111/and.12533}
}

@online{urlf16604a9,
    url = {https://pubmed.ncbi.nlm.nih.gov/18765266/}
}

@online{urla271c96e,
    url = {https://sci-hub.se/https://onlinelibrary.wiley.com/doi/abs/10.1111/jfbc.13571}
}

@online{url76cfe9e4,
    url = {https://hopewelloils.com/usage.php}
}

@online{urlb1f11908,
    url = {https://hopewelloils.com/clove.php}
}

@online{url18e0a9c3,
    url = {https://www.sciencedirect.com/science/article/pii/S0304416521000568?via=ihub}
}

@online{url50305cfd,
    url = {https://raypeatforum.com/community/threads/manganese-and-its-unimportance-in-health.22375/post-728352}
}

@online{urld56490af,
    url = {https://raypeatforum.com/community/attachments/48223/}
}

@online{urla419aa00,
    url = {https://dx.doi.org/10.1016/j.celrep.2023.112372}
}

@online{url4f3952e1,
    url = {https://phys.org/news/2023-04-brain-cells-starved-energy-autophagy.html}
}

@online{url401f691c,
    url = {https://phys.org/tags/brain+cells/}
}

@online{url7d02e73f,
    url = {https://phys.org/tags/neurodegenerative+diseases/}
}

@online{urlbf0ae9da,
    url = {https://phys.org/tags/nicotinamide+adenine+dinucleotide/}
}

@online{url002d623d,
    url = {https://www.ncbi.nlm.nih.gov/pmc/articles/PMC4871782/}
}

@online{urlece8984e,
    url = {https://aacrjournals.org/cancerdiscovery/article/9/9/1167/42070/Targeting-Autophagy-in-Cancer-Recent-Advances-and}
}

@online{url7ddfa897,
    url = {https://www.sciencedirect.com/science/article/pii/S0889159122004718?via=ihub}
}

@online{url7d8b3263,
    url = {https://www.medicalnewstoday.com/articles/frequent-colds-and-flu-may-increase-dementia-risk}
}

@online{url68a96fae,
    url = {https://pace-cme.org/2023/03/07/self-reported-keto-diet-associated-with-higher-ldl-c-and-apob-levels-and-increased-mace/}
}

@online{url906a3d8e,
    url = {https://www.cnn.com/2023/03/05/health/keto-low-carb-high-fat-diets-heart-disease/index.html}
}

@online{urlbf082590,
    url = {https://www.nature.com/articles/s42255-023-00782-2}
}

@online{url13ff1587,
    url = {https://www.theepochtimes.com/health/obesity-epidemic-linked-to-unexpected-factor-new-study_5242167.html}
}

@online{urlac625b5d,
    url = {https://www.nature.com/articles/s42255-023-00782-2.epdf?sharing_token=fShuw6h1i65NATyZEw_DzNRgN0jAjWel9jnR3ZoTv0MED8sA9nv-pD4iGxoQakfuzJY5a9QfC_lkFrVW_8wTo7WO7eWX0u_LnTsEAd0rrfB0POPZy51XM033WdQA0I1l7V9T629Eg6kljSeQ3couENbBEkXvOEjS4UDcJWHxfiw=}
}

@online{url163f9f8b,
    url = {https://twitter.com/JohnSpeakman4/status/1651247083259830272}
}

@online{url23cbd32d,
    url = {https://academic.oup.com/ajcn/article-abstract/44/2/212/4691994}
}

@online{url3e029c8b,
    url = {https://www.youtube.com/watch?v=nNNxE-K06KA}
}

@online{url26761e8d,
    url = {https://www.frontiersin.org/articles/10.3389/fphar.2015.00190/full}
}

@online{url0384e3bf,
    url = {https://raypeatforum.com/community/attachments/50164/}
}

@online{url5777d236,
    url = {https://youtu.be/yhkbg8p2Gts?t=228}
}

@online{url15a1b3b9,
    url = {https://www.youtube.com/watch?v=ePH--widhXk}
}

@online{url7a89a6c8,
    url = {https://www.drlwilson.com/articles/meditation.htm}
}

@online{url4ef5d36f,
    url = {http://dx.doi.org/10.1016/j.heliyon.2023.e15387}
}

@online{url4807d4a8,
    url = {https://www.sciencedaily.com/releases/2023/04/230410111650.htm}
}

@online{url2d30cdd6,
    url = {https://www.eatthis.com/news-eating-habits-reduce-arthritis/?utm_source=yahoo-news&utm_medium=feed&utm_campaign=yahoo-feed}
}

@online{url887141ea,
    url = {https://www.nature.com/articles/s41430-022-01148-9}
}

@online{url861b501b,
    url = {https://raypeatforum.com/community/threads/niacinamide-fully-reverses-endotoxemia-and-leaky-gut-from-ethanol.49621/}
}

@online{url318219ef,
    url = {https://raypeatforum.com/community/threads/vitamin-e-may-prevent-treat-rheumatoid-arthritis-ra-by-restoring-the-gut-barrier.50378/}
}

@online{url99c30538,
    url = {https://pubmed.ncbi.nlm.nih.gov/37076885/}
}

@online{url5c083a98,
    url = {https://www.theguardian.com/science/2023/may/21/toxins-from-gut-damage-fat-cells-and-drive-weight-gain-study-suggests}
}

@online{urlbcafb39b,
    url = {https://raypeat.com/articles/articles/gelatin.shtml}
}

@online{urla93bb7d5,
    url = {https://www.thelancet.com/journals/landia/article/PIIS2213-8587(19)30189-5/fulltext}
}

@online{urlb2036013,
    url = {https://www.thelancet.com/journals/lanhl/article/PIIS2666-7568(22)00001-0/fulltext}
}

@online{url4d909c74,
    url = {https://www.monash.edu/medicine/news/latest/2019-articles/large-study-shows-beneficial-role-of-testosterone-for-postmenopausal-women}
}

@online{urldfa1e065,
    url = {https://www.monash.edu/medicine/news/latest/2022-articles/low-testosterone-levels-in-women-associated-with-double-the-risk-of-cardiac-events}
}

@online{url1807d724,
    url = {https://raypeatforum.com/community/threads/idealabs-service-steroid-analysis-hair-and-or-toe-nail.46547/}
}

@online{url652160d5,
    url = {https://www.eurekalert.org/news-releases/989848}
}

@online{url982fde99,
    url = {http://knowledgeofhealth.com/the-man-who-cured-heart-disease-with-a-natural-molecule-20-years-before-cholesterol-drugs/}
}

@online{urlb256abb7,
    url = {https://drive.google.com/file/d/1i5e-Li9APT7kh1b2x4rhqDfctVJtWMbC/view}
}

@online{url4792001a,
    url = {https://www.researchgate.net/publication/236225407_High_Long-Term_Cortisol_Levels_Measured_in_Scalp_Hair_Are_Associated_With_a_History_of_Cardiovascular_Disease}
}

@online{url6850e39c,
    url = {https://dx.doi.org/10.1002/alz.13090}
}

@online{urlf30b9fe5,
    url = {https://medicalxpress.com/news/2023-05-schizophrenia-drug-therapy-dementia.html}
}

@online{url50a87160,
    url = {https://medicalxpress.com/tags/international+scientists/}
}

@online{url009274c5,
    url = {https://medicalxpress.com/tags/cell+membrane/}
}

@online{url5469f349,
    url = {https://medicalxpress.com/tags/nerve+cells/}
}

@online{url23f04486,
    url = {https://alz-journals.onlinelibrary.wiley.com/doi/full/10.1002/trc2.12199}
}

@online{url1b8d62a2,
    url = {https://medicalxpress.com/tags/protein/}
}

@online{url167b76f3,
    url = {https://medicalxpress.com/tags/dementia/}
}

@online{url97017145,
    url = {https://www.ncbi.nlm.nih.gov/pmc/articles/PMC6373521/}
}

@online{urlf15d432d,
    url = {https://www.ncbi.nlm.nih.gov/books/NBK532903/}
}

@online{urlcc86a028,
    url = {https://pubmed.ncbi.nlm.nih.gov/9659858/}
}

@online{url20511f46,
    url = {https://medicaldialogues.in/mdtv/medicine/videos/long-covid-incidence-and-severity-no-worse-than-post-viral-influenza-syndrome-study-110165}
}

@online{url59e9d554,
    url = {https://journals.asm.org/doi/10.1128/IAI.00734-20}
}

@online{urle869a44b,
    url = {https://www.cnn.com/2018/12/31/health/flu-body-effects-partner/index.html}
}

@online{url6ebd6d33,
    url = {https://raypeatforum.com/community/threads/2019-first-cell-based-quadrivalent-influenza-vaccine-approved-for-use-in-europe.34299/}
}

@online{url96f56074,
    url = {https://raypeatforum.com/community/threads/nature-com-article-more-proof-of-shedding.42065/}
}

@online{url5b68462c,
    url = {https://www.amazon.com/dp/B0C1HJZX1Q?tag=rapef020-20}
}

@online{urlf4ea9dc3,
    url = {https://www.reddit.com/r/LongCovid/comments/13kjw04/getting_a_flare_up_right_before_vacation/}
}

@online{urlbd2d427e,
    url = {https://www.reddit.com/r/LongCovid/comments/13j1k65/how_long_did_it_take_you_to_recover_fully/}
}

@online{url78863039,
    url = {https://pubmed.ncbi.nlm.nih.gov/36857178/}
}

@online{url28873695,
    url = {https://en.wikipedia.org/wiki/Osteocalcin}
}

@online{url3c42e09a,
    url = {https://www.cell.com/cell-reports/fulltext/S2211-1247(23)00511-9}
}

@online{urla6f7278f,
    url = {https://medicalxpress.com/news/2023-05-reveals-vitamin-diabetes.html}
}

@online{urlb6f141be,
    url = {https://medicalxpress.com/tags/beta+cells/}
}

@online{url72fe84ec,
    url = {https://medicalxpress.com/tags/insulin+secretion/}
}

@online{urlf550cec8,
    url = {https://www.cell.com/neuron/fulltext/S0896-6273(23)00383-5}
}

@online{urlcd649d53,
    url = {https://www.worldhealth.net/news/how-chronic-stress-drives-brain-crave-comfort-food/}
}

@online{url48f369d0,
    url = {https://pubmed.ncbi.nlm.nih.gov/35458161/}
}

@online{urle4695a48,
    url = {https://nutraceuticalbusinessreview.com/news/article_page/Vitamin_E_supplementation_reduces_exercise-induced_muscle_damage/209710}
}

@online{url14877e89,
    url = {https://youtu.be/hPmXNXmkfHg?si=K96P-fdH0IPKTdV-}
}

@online{url23bad30b,
    url = {https://en.wikipedia.org/wiki/AMP-activated_protein_kinase}
}

@online{url5716630e,
    url = {https://en.wikipedia.org/wiki/Metformin#Mechanism_of_action}
}

@online{url12235a80,
    url = {https://en.wikipedia.org/wiki/AMP-activated_protein_kinase#Tumor_suppression_and_promotion}
}

@online{urla4f47c2d,
    url = {https://raypeatforum.com/community/threads/fatty-acid-oxidation-linking-all-illness-especially-cancer-with-stress-and-diet-fasting-low-carb.48060/}
}

@online{url7ad7ceb0,
    url = {https://en.wikipedia.org/wiki/Meldonium}
}

@online{urla90dc576,
    url = {https://www.nature.com/articles/s41467-023-38292-0}
}

@online{urlfda4e025,
    url = {https://medicalxpress.com/news/2023-05-skin-cancer-rewires-energy-efficiently.html}
}

@online{urle2b54de1,
    url = {https://medicalxpress.com/tags/energy+systems/}
}

@online{url83c72eb7,
    url = {https://medicalxpress.com/tags/tumor+cells/}
}

@online{url20c6b626,
    url = {https://medicalxpress.com/tags/global+change/}
}

@online{url86a65d49,
    url = {https://pubs.acs.org/doi/10.1021/acsomega.1c07016}
}

@online{urlf09bbe6b,
    url = {https://www.tandfonline.com/doi/abs/10.1080/00221300209602097?journalCode=vgen20}
}

@online{urlde5711bd,
    url = {https://www.jbc.org/article/S0021-9258(20)39029-3/fulltext}
}

@online{urlf5f48e31,
    url = {https://www.researchgate.net/publication/340811887_Improvement_of_Remyelination_in_Demyelinated_Corpus_Callosum_Using_Human_Adipose-Derived_Stem_Cells_hADSCs_and_Pregnenolone_in_the_Cuprizone_Rat_Model_of_Multiple_Sclerosis}
}

@online{url7c4bf181,
    url = {https://draxe.com/nutrition/ampk/}
}

@online{url6e3523b9,
    url = {https://raypeatforum.com/community/attachments/50934/}
}

@online{urld8015612,
    url = {https://fireinabottle.net/}
}

@online{url0777cf70,
    url = {https://en.wikipedia.org/wiki/Obesity_paradox}
}

@online{urladf9475e,
    url = {https://doi.org/10.3389/fimmu.2023.1142634}
}

@online{urlbf7bc76d,
    url = {https://www.nih.gov/news-events/news-releases/researchers-find-weaker-immune-response-viral-infections-children-mitochondrial-disorders}
}

@online{urlfbda204b,
    url = {https://en.wikipedia.org/wiki/GPR158}
}

@online{url47ed92c5,
    url = {https://pubmed.ncbi.nlm.nih.gov/29419376/}
}

@online{url68d0f70a,
    url = {https://pubmed.ncbi.nlm.nih.gov/36996198/}
}

@online{urlc3170425,
    url = {https://www.nichd.nih.gov/health/topics/infertility/conditioninfo/common}
}

@online{urlab2bb56e,
    url = {https://pubmed.ncbi.nlm.nih.gov/28507119/}
}

@online{url18ed48c2,
    url = {https://medicalxpress.com/news/2023-06-cheap-safe-hormone-treatment-couples.html}
}

@online{url51773614,
    url = {https://www.eshre.eu/ESHRE2023/Media/2023-Press-releases/Raperport}
}

@online{urla8b078c5,
    url = {https://raypeatforum.com/community/threads/biggest-loser-contestants-regained-weight-peat-perspective.10856/post-143661}
}

@online{url244f71d3,
    url = {https://en.wikipedia.org/wiki/Sarcopenic_obesity}
}

@online{url7a318f9f,
    url = {https://en.wikipedia.org/wiki/Cardiolipin}
}

@online{url8248958a,
    url = {https://pubmed.ncbi.nlm.nih.gov/16430781/}
}

@online{url9c614222,
    url = {https://pubmed.ncbi.nlm.nih.gov/21314620/}
}

@online{urlb15712af,
    url = {https://academic.oup.com/lifemeta/article/doi/10.1093/lifemeta/load014/7103241?login=false}
}

@online{urlb5ba03e0,
    url = {https://www.newswise.com/articles/enhancing-muscle-mitochondrial-efficiency-after-weight-loss}
}

@online{url7aba1571,
    url = {https://raypeatforum.com/community/javascript:;}
}

@online{urlb6af8e12,
    url = {https://www.science.org/doi/10.1126/sciadv.abd6322}
}

@online{url8393cd2c,
    url = {https://sci.bban.top/pdf/10.1016/s0021-9258%2818%2976693-3.pdf?download=true}
}

@online{url6c3515e4,
    url = {https://academic.oup.com/jas/article-abstract/33/2/370/4697577}
}

@online{url6b59ef53,
    url = {https://www.youtube.com/watch?v=bJUBPlGXjtk&t=3s}
}

@online{urlb08d6858,
    url = {https://www.ncbi.nlm.nih.gov/pmc/articles/PMC1220866/}
}

@online{urla928abd8,
    url = {https://raypeatforum.com/community/attachments/50370/}
}

@online{url3429d841,
    url = {https://raypeatforum.com/community/attachments/50444/}
}

@online{url3653d511,
    url = {https://raypeatforum.com/community/attachments/50612/}
}

@online{url2f1ac1bb,
    url = {https://raypeatforum.com/community/attachments/50664/}
}

@online{url0bc8d219,
    url = {https://raypeatforum.com/community/attachments/50648/}
}

@online{url990d9da5,
    url = {https://raypeatforum.com/community/attachments/50638/}
}

@online{urle81b7151,
    url = {https://raypeatforum.com/community/threads/als-tied-to-increased-fat-oxidation-fao-increasing-glucose-may-treat-it.29852/}
}

@online{url67bddc17,
    url = {https://www.cureus.com/articles/157487-impaired-thiamine-metabolism-in-amyotrophic-lateral-sclerosis-and-its-potential-treatment-with-benfotiamine-a-case-report-and-a-review-of-the-literature}
}

@online{url76e7a498,
    url = {https://doi.org/10.1016/j.bbr.2023.114550}
}

@online{url7518405e,
    url = {https://www.news-medical.net/news/20230707/Birth-control-pills-disrupt-womens-stress-response-study-shows.aspx}
}

@online{url9864e0a3,
    url = {https://raypeatforum.com/community/threads/birth-control-increases-incidence-of-depression-by-130-in-young-girls.50634/}
}

@online{url5bec62c4,
    url = {http://www.slate.com/articles/health_and_science/science/2015/02/fda_inspections_fraud_fabrication_and_scientific_misconduct_are_hidden_from.single.html}
}

@online{url2999dd66,
    url = {https://doi.org/10.1016/j.ahj.2023.05.024}
}

@online{url0665ed48,
    url = {https://www.news-medical.net/news/20230627/Higher-than-recommended-doses-of-vitamin-D-linked-to-lower-risk-of-atrial-fibrillation.aspx}
}

@online{urldcbe396f,
    url = {https://www.thelancet.com/journals/lancet/article/PIIS0140-6736(20)31859-6/fulltext}
}

@online{url9d0993e2,
    url = {https://journals.plos.org/plosmedicine/article?id=10.1371/journal.pmed.1003760}
}

@online{urlfeae3a47,
    url = {https://www.dailymail.co.uk/news/article-12216763/British-five-year-olds-average-seven-inches-shorter-Dutch-counterparts.html}
}

@online{url6c401d62,
    url = {https://www.theguardian.com/business/2023/jun/21/children-raised-under-uk-austerity-shorter-than-european-peers-study}
}

@online{urlaf4dbba3,
    url = {https://ncdrisc.org/height-mean-ranking.html}
}

@online{url470a64d4,
    url = {https://www.theguardian.com/politics/2023/jun/04/cameron-osborne-austerity-years-cost-uk-dearly-covid-tuc-union-claims-inquiry}
}

@online{url8c8e046d,
    url = {https://www.theguardian.com/society/nhs}
}

@online{urla89e2c33,
    url = {https://www.youtube.com/watch?v=wV1FrqwZyKw}
}

@online{url610afd0d,
    url = {https://www.nature.com/articles/s41380-023-02177-x}
}

@online{urle38a9f4a,
    url = {https://www.investopedia.com/terms/p/paretoprinciple.asp}
}

@online{url1278272b,
    url = {https://wiki.chadnet.org/serotonin-effects-in-disease-aging-and-inflammation}
}

@online{urlbf735d6d,
    url = {https://raypeatforum.com/community/threads/low-androgens-not-low-estrogens-linked-to-heart-disease-in-aging-women.50667/}
}

@online{url065cf653,
    url = {http://dx.doi.org/10.1038/s41598-023-35826-w}
}

@online{url751bf781,
    url = {https://www.eurekalert.org/news-releases/993560}
}

@online{url057ec644,
    url = {http://www.cemcor.ubc.ca/}
}

@online{url9e6d7a6f,
    url = {https://peatbot.com/}
}

@online{url3d330b9e,
    url = {https://raypeatforum.com/wiki/index.php/Ray_Peat_Email_Exchanges}
}

@online{urlfc40f830,
    url = {https://doi.org/10.1080/19490976.2023.2229945}
}

@online{url9806b738,
    url = {https://www.universityofcalifornia.edu/news/widely-consumed-vegetable-oil-leads-unhealthy-gut}
}

@online{url343abfe5,
    url = {https://profiles.ucr.edu/app/home/profile/pdeol001}
}

@online{url81089f67,
    url = {https://microplantpath.ucr.edu/}
}

@online{url31286657,
    url = {https://www.tandfonline.com/doi/full/10.1080/19490976.2023.2229945}
}

@online{url57423d97,
    url = {https://www.biospace.com/article/releases/edesa-biotech-s-ards-drug-inhibits-inflammation-from-influenza-and-other-pathogens/}
}

@online{url695c68bc,
    url = {https://www.biospace.com/employer/401657/edesa-biotech-inc-/}
}

@online{urlc5051ba1,
    url = {https://academic.oup.com/ajcp/article/158/Supplement_1/S70/6815114}
}

@online{url45646b65,
    url = {https://classic.clinicaltrials.gov/ct2/show/NCT03061474}
}

@online{urlb8cf12f4,
    url = {https://raypeatforum.com/community/threads/low-dose-methylene-blue-mb-may-stop-alzheimer-disease-ad.32006/}
}

@online{url42303378,
    url = {https://www.neurologylive.com/view/potential-benefit-nicotinamide-observed-in-proof-of-concept-trial-alzheimers}
}

@online{urlf57db5f9,
    url = {https://www.neurologylive.com/conferences/aaic}
}

@online{url7a556532,
    url = {http://haidut.me/?p=755}
}

@online{url8c33e0c2,
    url = {https://medicalxpress.com/news/2023-08-low-dose-aspirin-diabetes-people-aged.html}
}

@online{url2818566c,
    url = {https://medicalxpress.com/tags/diabetes/}
}

@online{url15577cb4,
    url = {https://doi.org/10.1371/journal.pone.0285584}
}

@online{url9b09ce13,
    url = {https://nypost.com/2023/06/30/popular-benzo-drugs-linked-to-suicide-brain-damage-study/}
}

@online{urlaaecf127,
    url = {https://www.eurekalert.org/news-releases/993725}
}

@online{url80bee703,
    url = {https://www.cuanschutz.edu/}
}

@online{url3690dfac,
    url = {https://journals.plos.org/plosone/article?id=10.1371/journal.pone.0285584}
}

@online{url2e8f9ed7,
    url = {https://www.cumedicine.us/providers/psychiatry/Alexis-Ritvo}
}

@online{url9fc53fe8,
    url = {https://medschool.cuanschutz.edu/}
}

@online{urlb65f0116,
    url = {https://benzoreform.org/}
}

@online{url24f7f5cb,
    url = {https://claymartindefense.com/}
}

@online{url7b742eb6,
    url = {https://en.wikipedia.org/wiki/Rotenone#Mechanism_of_action}
}

@online{url7588a92b,
    url = {https://doi.org/10.3390/cells12081206}
}

@online{url87531434,
    url = {https://www.news-medical.net/news/20230606/Progesterone-could-be-used-in-the-fight-against-Parkinsone28099s-disease.aspx}
}

@online{urlaa28eeb2,
    url = {https://en.wikipedia.org/wiki/Reactive_oxygen_species}
}

@online{url684bb4d8,
    url = {https://en.wikipedia.org/wiki/Reverse_electron_flow#Mechanism}
}

@online{url065583ed,
    url = {https://dx.doi.org/10.1073/pnas.2216310120}
}

@online{url4d2616e3,
    url = {https://phys.org/news/2023-06-uncovers-clues-cell-plasticity.html}
}

@online{url4e59f1b7,
    url = {https://phys.org/tags/cell+cycle/}
}

@online{urlb423626c,
    url = {https://onlinelibrary.wiley.com/doi/10.1002/advs.202205783}
}

@online{url097d2136,
    url = {https://www.advancedsciencenews.com/scientists-identify-a-new-molecular-mechanism-for-autism/}
}

@online{urlbd4d6ada,
    url = {https://pubmed.ncbi.nlm.nih.gov/16469191/}
}

@online{urle6dc32fb,
    url = {https://pubmed.ncbi.nlm.nih.gov/22821789/}
}

@online{url11220da7,
    url = {https://esc365.escardio.org/presentation/267921}
}

@online{url3943473f,
    url = {https://www.nutritionaloutlook.com/view/study-results-demonstrating-vascular-benefits-of-mk-7-in-menopausal-women-presented-at-the-european-society-of-cardiology-congress}
}

@online{urlf1d15d2a,
    url = {https://www.amazon.com/gp/product/B00068JKMA/ref=ppx_yo_dt_b_search_asin_title?ie=UTF8&psc=1}
}

@online{url7e09602a,
    url = {https://en.wikipedia.org/wiki/Renin–angiotensin_system}
}

@online{url8b03ecb6,
    url = {https://raypeatforum.com/community/attachments/55193/}
}

@online{url53594d2c,
    url = {http://haidut.me/?p=546}
}

@online{url58d1c3e1,
    url = {https://en.wikipedia.org/wiki/Urolithin_A}
}

@online{urlc7ab2882,
    url = {https://www.nature.com/articles/s43587-023-00473-3}
}

@online{url7739667f,
    url = {https://www.miragenews.com/nature-aging-study-age-reversal-in-blood-stem-1078927/}
}

@online{url041a142d,
    url = {https://pubmed.ncbi.nlm.nih.gov/36973090/}
}

@online{url81280e8a,
    url = {https://www.thecardiologyadvisor.com/general-cardiology/aspirin-use-associated-with-reduced-mortality-after-icu-stay/}
}

@online{urlc2f8fea8,
    url = {https://www.thecardiologyadvisor.com/general-medicine/vancomycin-plus-piperacillin-tazobactam-increases-aki-risk-in-icu-patients/}
}

@online{urlf3c97807,
    url = {https://pubchem.ncbi.nlm.nih.gov/compound/979735}
}

@online{urlff73e46e,
    url = {https://gabalabs.com/}
}

@online{url2668e8ea,
    url = {https://www.zerohedge.com/markets/meet-one-startup-trying-end-hangovers-synthetic-alcohol}
}

@online{urlb0c87976,
    url = {https://jamanetwork.com/journals/jamanetworkopen/fullarticle/2808574}
}

@online{url6e1fd998,
    url = {https://www.curetoday.com/view/vitamin-d-is-a-game-changer-for-patients-with-digestive-tract-cancer}
}

@online{url4fb11afb,
    url = {https://doi.org/10.1016/j.ymthe.2023.01.016}
}

@online{urla190b95a,
    url = {https://www.eurekalert.org/news-releases/986284}
}

@online{urle6c1a076,
    url = {https://en.wikipedia.org/wiki/Reverse_Krebs_cycle#Medical_relevance}
}

@online{urlc6a9dc6e,
    url = {http://dx.doi.org/10.1038/s41586-023-05770-w}
}

@online{url90800d02,
    url = {https://www.eurekalert.org/news-releases/982103}
}

@online{url3d51a54f,
    url = {https://interestingengineering.com/health/promising-therapy-target-inflammatory-diseases}
}

@online{url42a1c961,
    url = {https://en.wikipedia.org/wiki/Microchimerism}
}

@online{url1b06e118,
    url = {https://www.nature.com/articles/s41380-023-02251-4}
}

@online{urlb626ee0f,
    url = {http://dx.doi.org/10.1016/j.chembiol.2012.07.020}
}

@online{url66d2f002,
    url = {https://www.sciencedaily.com/releases/2012/09/120920135603.htm}
}

@online{url02c5388f,
    url = {https://pubmed.ncbi.nlm.nih.gov/12386160/}
}

@online{urlfe5cc4cd,
    url = {https://www.nature.com/articles/s41392-023-01577-3}
}

@online{url5cc46ebb,
    url = {https://raypeatforum.com/community/threads/cd38-dictates-age-related-nad-decline-and-mitochondrial-dysfunction-through-an-sirt3-dependent-mechanism.45394/}
}

@online{url081b0ff5,
    url = {https://en.wikipedia.org/wiki/Reye_syndrome}
}

@online{url5817cbb0,
    url = {https://www.nature.com/articles/s41586-023-05796-0}
}

@online{url835a46c6,
    url = {https://www.eurekalert.org/news-releases/981873}
}

@online{url9dd82eba,
    url = {https://en.wikipedia.org/wiki/Haloperidol}
}

@online{url690d46fa,
    url = {https://en.wikipedia.org/wiki/Haloperidol#Pharmacology}
}

@online{url64e14d25,
    url = {https://doi.org/10.1096/fj.13-246546}
}

@online{urlccdcf03d,
    url = {https://doi.org/10.1111/jnc.15829}
}

@online{url80871fd2,
    url = {https://onlinelibrary.wiley.com/doi/10.1111/jnc.15829}
}

@online{urla2eedb0c,
    url = {https://dannyroddy.substack.com/p/vitamin-d-bioenergetic-wunderkind}
}

@online{urlf6b038ba,
    url = {https://pubmed.ncbi.nlm.nih.gov/37204794/}
}

@online{url3657040b,
    url = {https://www.ncbi.nlm.nih.gov/pmc/articles/PMC10299437/}
}

@online{urle576aee1,
    url = {https://www.ncbi.nlm.nih.gov/pmc/articles/PMC6543546/}
}

@online{urlaf818789,
    url = {https://karger.com/cpb/article/48/6/2409/75186/Crucial-Roles-of-5-HT-and-5-HT2-Receptor-in}
}

@online{url160bd4ba,
    url = {https://www.frontiersin.org/articles/10.3389/fphar.2020.593416/full}
}

@online{url87a83aa5,
    url = {https://www.nature.com/articles/s41598-023-43145-3}
}

@online{urlef715f8b,
    url = {https://prnt.sc/1nANdZq9t2rL}
}

@online{urlec5bfa81,
    url = {https://pubmed.ncbi.nlm.nih.gov/27595136/}
}

@online{url1f09963b,
    url = {https://www.ncbi.nlm.nih.gov/pmc/articles/PMC5004086/}
}

@online{urla5b1de41,
    url = {https://en.wikipedia.org/wiki/Mianserin}
}

@online{urld643c89f,
    url = {https://en.wikipedia.org/wiki/Mirtazapine}
}

@online{urldf6bc279,
    url = {https://pubmed.ncbi.nlm.nih.gov/37736438/}
}

@online{url3eab6312,
    url = {https://www.pharmacypracticenews.com/Online-First/Article/09-23/Could-Mirtazapine-Be-Used-to-Ease-Opioid-Withdrawal-/71625}
}

@online{urle1e522d2,
    url = {https://raypeatforum.com/community/threads/10-methoxy-harmalan-liquid-product-for-r-d.43474/}
}

@online{urld58feea8,
    url = {https://pubmed.ncbi.nlm.nih.gov/37053049/}
}

@online{url82c5af2c,
    url = {https://doi.org/10.1093/chemse/bjad020}
}

@online{urlc6668a44,
    url = {https://doi.org/10.1016/j.cmet.2020.12.003}
}

@online{url0733d546,
    url = {https://www.sciencedirect.com/topics/medicine-and-dentistry/cardiomyocyte}
}

@online{url152ad7ef,
    url = {https://www.sciencedirect.com/topics/medicine-and-dentistry/monocarboxylate-transporter}
}

@online{url7ca42a8f,
    url = {https://www.sciencedirect.com/topics/biochemistry-genetics-and-molecular-biology/monocarboxylate-transporter}
}

@online{url4a948566,
    url = {https://www.sciencedirect.com/topics/biochemistry-genetics-and-molecular-biology/genetic-ablation}
}

@online{urld8cb4c0d,
    url = {https://www.sciencedirect.com/science/article/pii/S1550413120306586}
}

@online{urlfc035bb3,
    url = {https://www.sciencedirect.com/topics/medicine-and-dentistry/cell-proliferation}
}

@online{url4f0ba494,
    url = {https://www.sciencedirect.com/topics/medicine-and-dentistry/radical-chemistry}
}

@online{urlae863470,
    url = {https://www.sciencedirect.com/topics/medicine-and-dentistry/oxidative-stress}
}

@online{url2b98be5e,
    url = {https://www.sciencedirect.com/topics/medicine-and-dentistry/mitochondrial-membrane-potential}
}

@online{urla5a18356,
    url = {https://www.sciencedirect.com/topics/medicine-and-dentistry/pyruvic-acid}
}

@online{urla9c91450,
    url = {https://www.sciencedirect.com/topics/biochemistry-genetics-and-molecular-biology/alpha-oxidation}
}

@online{urlf2571a24,
    url = {https://www.sciencedirect.com/topics/medicine-and-dentistry/ventricular-hypertrophy}
}

@online{urld6f01809,
    url = {https://www.sciencedirect.com/topics/medicine-and-dentistry/solid-malignant-neoplasm}
}

@online{urla140f4b3,
    url = {https://www.sciencedirect.com/topics/medicine-and-dentistry/lactate-dehydrogenase}
}

@online{urlad3f5061,
    url = {https://www.sciencedirect.com/topics/medicine-and-dentistry/ldha}
}

@online{urld7f0544c,
    url = {https://www.sciencedirect.com/topics/medicine-and-dentistry/pyruvate-dehydrogenase-kinase}
}

@online{urladba2087,
    url = {https://www.sciencedirect.com/topics/medicine-and-dentistry/reactive-oxygen-species}
}

@online{url669b3705,
    url = {https://pubmed.ncbi.nlm.nih.gov/20631297/}
}

@online{url7b3db1bf,
    url = {https://pubmed.ncbi.nlm.nih.gov/23749645/}
}

@online{urlbb3be877,
    url = {https://www.nature.com/articles/nature16969}
}

@online{urld4ffde38,
    url = {https://www.cell.com/cell-metabolism/pdf/S1550-4131(16)30170-X.pdf}
}

@online{url9c8ba4fe,
    url = {https://en.wikipedia.org/wiki/Meta-Chlorophenylpiperazine}
}

@online{urle506e3be,
    url = {https://en.wikipedia.org/wiki/Metergoline}
}

@online{url65827fb5,
    url = {https://pubmed.ncbi.nlm.nih.gov/2018816/}
}

@online{urle73f0a18,
    url = {https://academic.oup.com/ijnp/article/8/3/391/910011}
}

@online{urle10b0209,
    url = {https://www.ncbi.nlm.nih.gov/pmc/articles/PMC3310222/}
}

@online{urld8cc4a63,
    url = {https://psycnet.apa.org/record/2010-07003-006}
}

@online{urld7bf48f0,
    url = {https://pubmed.ncbi.nlm.nih.gov/17267119/}
}

@online{urlb39167be,
    url = {https://doi.org/10.3390/nu15194259}
}

@online{url91b4aa10,
    url = {https://www.nutraingredients-usa.com/Article/2023/10/17/belly-fat-may-trap-vitamin-d}
}

@online{url7390b2af,
    url = {https://en.wikipedia.org/wiki/Xenoestrogen}
}

@online{urlc2532dff,
    url = {https://www.sciencedaily.com/releases/2002/12/021213063325.htm}
}

@online{url19db2667,
    url = {http://dx.doi.org/10.1078/0944-7113-00331}
}

@online{url74146374,
    url = {https://pubmed.ncbi.nlm.nih.gov/22137340/}
}

@online{urlab8f122c,
    url = {https://www.functionalps.com/blog/2012/04/22/fatty-acid-composition-of-diet-reflected-in-fat-tissue/}
}

@online{url09701331,
    url = {https://www.sciencedirect.com/science/article/abs/pii/S0378512204003627}
}

@online{urlae93f97b,
    url = {https://www.ncbi.nlm.nih.gov/pmc/articles/PMC9100978/}
}

@online{url7b6b25a2,
    url = {https://www.semanticscholar.org/paper/n-3-PUFA-Improve-Emotion-and-Cognition-during-A-Decandia-Landolfo/d7d3e864669400976e90aa85f559a94bef83a7b3}
}

@online{url4610e39d,
    url = {https://www.purdue.edu/uns/html4ever/2005/050711.Watkins.bones.html}
}

@online{url75694185,
    url = {https://pubmed.ncbi.nlm.nih.gov/10395519/}
}

@online{url9adb1898,
    url = {https://pubmed.ncbi.nlm.nih.gov/7937911/}
}

@online{url3032ebc5,
    url = {https://pubmed.ncbi.nlm.nih.gov/2516582/}
}

@online{urla13bb3d8,
    url = {https://pubmed.ncbi.nlm.nih.gov/1874175/}
}

@online{urleeb46026,
    url = {https://sci-hub.se/10.1078/0944-7113-00331}
}

@online{urle2a218d4,
    url = {https://raypeatforum.com/community/attachments/56865/}
}

@online{urle8caf4e4,
    url = {https://pubmed.ncbi.nlm.nih.gov/2938730}
}

@online{url3f3caeba,
    url = {https://pubmed.ncbi.nlm.nih.gov/21326194/}
}

@online{urlb52007e4,
    url = {https://www.nature.com/articles/npp201113}
}

@online{urlc15b9b28,
    url = {https://raypeatforum.com/community/threads/pufa-linoleic-acid-is-a-true-estrogen-similar-to-estradiol.51625/}
}

@online{urlb892f3d6,
    url = {https://doi.org/10.1038/s42003-021-02901-9}
}

@online{url760e57d0,
    url = {https://www.sciencedirect.com/science/article/pii/S0022202X15330396}
}

@online{urle9477125,
    url = {https://en.wikipedia.org/wiki/11β-Hydroxysteroid_dehydrogenase_type_1}
}

@online{urleefc96b4,
    url = {https://www.jci.org/articles/view/164599}
}

@online{url11cce496,
    url = {https://www.nature.com/articles/s41586-020-03160-0}
}

@online{url8994bba9,
    url = {https://raypeatforum.com/community/threads/blocking-pufa-prostaglandins-restores-metabolism-and-reverses-brain-aging.39388/}
}

@online{urlef4cc672,
    url = {https://dx.doi.org/10.1098/rspb.2023.0794}
}

@online{urlc164a167,
    url = {https://phys.org/news/2023-08-blackbirds-rest-earlier-dusk-sick.html}
}

@online{url7ae6131c,
    url = {https://phys.org/tags/birds/}
}

@online{url1498c71e,
    url = {https://www.ncbi.nlm.nih.gov/books/NBK554414/}
}

@online{urldd382f33,
    url = {https://www.sciencedirect.com/science/article/pii/S2666566221000010}
}

@online{url4c2c1ea4,
    url = {https://phys.org/tags/immune+system/}
}

@online{urlf66009d5,
    url = {https://youtu.be/BlFM0TmU81c}
}

@online{urlede8be14,
    url = {https://youtu.be/vGusDIvEHAo?si=YIxwTYI3Ztb_MKdp}
}

@online{urlbf35d63e,
    url = {https://www.ncbi.nlm.nih.gov/pmc/articles/PMC3314355/}
}

@online{url05181215,
    url = {https://doi.org/10.1111/j.1472-8206.2012.01064.x}
}

@online{urlb0157de4,
    url = {https://doi.org/10.1152/ajpendo.00516.2007}
}

@online{url1a31b3dd,
    url = {https://dx.doi.org/10.15252/embj.2022111133}
}

@online{url795243e8,
    url = {https://phys.org/news/2023-08-japanese-scientists-unraveled-secret-aging.html}
}

@online{url885698a2,
    url = {https://phys.org/tags/mammal+species/}
}

@online{url1ec0100d,
    url = {https://phys.org/tags/naked+mole-rats/}
}

@online{urlc82dc4bb,
    url = {https://phys.org/tags/cellular+senescence/}
}

@online{url55133141,
    url = {https://pubmed.ncbi.nlm.nih.gov/18029129/}
}

@online{url7fb132d2,
    url = {https://blogs.bmj.com/bmj/2021/07/05/time-to-assume-that-health-research-is-fraudulent-until-proved-otherwise/}
}

@online{url9ee32850,
    url = {https://pubmed.ncbi.nlm.nih.gov/21253592}
}

@online{urlae62f93c,
    url = {https://en.wikipedia.org/wiki/Brilaroxazine#Pharmacology}
}

@online{url3e5981aa,
    url = {https://www.independent.co.uk/news/uk/home-news/lsd-video-porton-down-chemical-weapons-experiments-trials-uk-military-army-marines-sixties-acid-humane-warfare-a8366906.html}
}

@online{url962797e0,
    url = {https://raypeatforum.com/community/threads/ssri-drugs-cause-depression-anxiety-blocking-serotonin-rapidly-reverses-the-latter.51708/}
}

@online{url36dc496b,
    url = {https://www.empr.com/home/news/drugs-in-the-pipeline/brilaroxazine-improves-symptoms-in-patients-with-schizophrenia/}
}

@online{urlde702f47,
    url = {https://clinicaltrials.gov/study/NCT05184335?term=Reviva&checkSpell=false&rank=2}
}

@online{url9cd48a73,
    url = {https://en.wikipedia.org/wiki/Affinity_(pharmacology)}
}

@online{urld0cd82dc,
    url = {https://en.wikipedia.org/wiki/Histamine_H1_receptor}
}

@online{url30a3a1cd,
    url = {https://www.tandfonline.com/doi/abs/10.1080/03670244.1986.9990941}
}

@online{url8021611c,
    url = {https://onlinelibrary.wiley.com/doi/epdf/10.1111/mcn.12805}
}

@online{url5f90e864,
    url = {https://en.wikipedia.org/wiki/Cronkhite–Canada_syndrome#Diagnosis}
}

@online{url7cd833c2,
    url = {https://en.wikipedia.org/wiki/Polyps}
}

@online{url8a7edd81,
    url = {https://en.wikipedia.org/wiki/Stomach}
}

@online{urlef3962cc,
    url = {https://en.wikipedia.org/wiki/Large_intestine}
}

@online{urlee6efaba,
    url = {https://en.wikipedia.org/wiki/Small_intestine}
}

@online{url3686579b,
    url = {https://en.wikipedia.org/wiki/Esophagus}
}

@online{url1b2517a1,
    url = {https://en.wikipedia.org/wiki/Biopsy}
}

@online{urlb334e99c,
    url = {https://en.wikipedia.org/wiki/Hamartomas}
}

@online{url9a595abe,
    url = {https://pubmed.ncbi.nlm.nih.gov/22609381/}
}

@online{url22fdab4f,
    url = {https://www.jci.org/articles/view/166884}
}

@online{url1c950371,
    url = {https://www.bcm.edu/departments/molecular-virology-and-microbiology}
}

@online{url9128gu3s,
    url = {https://grantome.com/grant/NIH/R21-AI157929-01}
}

@online{url13b78b64,
    url = {https://www.hsgac.senate.gov/wp-content/uploads/Festivus-2023.pdf}
}

@online{urlb92640ce,
    url = {https://en.wikipedia.org/wiki/Phytochemical}
}

@online{url69fd9fde,
    url = {https://en.wikipedia.org/wiki/Progestogen}
}

@online{urlb1f02ad4,
    url = {https://en.wikipedia.org/wiki/Phytoestrogen}
}

@online{urlbf235df4,
    url = {https://en.wikipedia.org/wiki/Kaempferol}
}

@online{url4825b333,
    url = {https://en.wikipedia.org/wiki/Diosgenin}
}

@online{urlc82efd79,
    url = {https://en.wikipedia.org/wiki/Yam_(vegetable)}
}

@online{url97709b1d,
    url = {https://en.wikipedia.org/wiki/Apigenin}
}

@online{url471c0c0e,
    url = {https://en.wikipedia.org/wiki/Chasteberry}
}

@online{urlae5989b2,
    url = {https://en.wikipedia.org/wiki/Naringenin}
}

@online{url68511dc7,
    url = {https://en.wikipedia.org/wiki/Syringic_acid}
}

@online{url33eba362,
    url = {https://en.wikipedia.org/wiki/3,8-dihydrodiligustilide}
}

@online{url15bf2242,
    url = {https://en.wikipedia.org/wiki/Potency_(pharmacology)}
}

@online{url7888a0a9,
    url = {https://en.wikipedia.org/wiki/EC50}
}

@online{url5306b6d5,
    url = {https://en.wikipedia.org/wiki/Riligustilide}
}

@online{urla496775b,
    url = {https://setac.onlinelibrary.wiley.com/doi/full/10.1002/etc.4163}
}

@online{url06dc9e75,
    url = {https://en.wikipedia.org/wiki/Adrenochrome}
}

@online{urlba8bcc69,
    url = {https://pubchem.ncbi.nlm.nih.gov/compound/2_3-Naphthoquinone}
}

@online{urled45d1c1,
    url = {https://pubchem.ncbi.nlm.nih.gov/compound/beta-Lapachone}
}

@online{urled26832a,
    url = {https://en.wikipedia.org/wiki/Iprazochrome}
}

@online{url93d5f54c,
    url = {https://en.wikipedia.org/wiki/Adrenaline}
}

@online{url10ecea71,
    url = {https://en.wikipedia.org/wiki/Carbazochrome}
}

@online{url99919caa,
    url = {https://link.springer.com/article/10.1007/BF00623109}
}

@online{url5d0b0885,
    url = {https://cl-pdx.com/static/1962_Effect_of_Adrenochrome_and_Adrenolutin.pdf}
}

@online{urlcce24065,
    url = {https://raypeatforum.com/community/attachments/58438/}
}

@online{urld12f2b75,
    url = {https://x.com/drawandstrike/status/1729719300787736577?s=20}
}

@online{url503495b4,
    url = {https://www.nature.com/articles/nrd4549}
}

@online{url65f84ae1,
    url = {https://www.ncbi.nlm.nih.gov/pmc/articles/PMC9182086/}
}

@online{url0f189356,
    url = {https://pubmed.ncbi.nlm.nih.gov/25864946/}
}

@online{urldd4583c8,
    url = {https://pubmed.ncbi.nlm.nih.gov/25485911/}
}

@online{url36d2fac0,
    url = {https://pubmed.ncbi.nlm.nih.gov/33417443/}
}

@online{urlf200321d,
    url = {https://doi.org/10.3803/EnM.2020.35.2.470}
}

@online{url124d04ed,
    url = {https://doi.org/10.4093/dmj.2017.0084}
}

@online{url623fbc5b,
    url = {https://doi.org/10.1172/JCI145331}
}

@online{url7fc9ab60,
    url = {https://www.ncbi.nlm.nih.gov/pmc/articles/PMC7753910/}
}

@online{urld2894315,
    url = {https://doi.org/10.1371/journal.pone.0255687}
}

@online{urle908a790,
    url = {https://onlinelibrary.wiley.com/doi/full/10.1111/jdi.12406}
}

@online{url254b44f2,
    url = {https://www.sciencedirect.com/science/article/abs/pii/0006295294902437}
}

@online{urld9ee51ab,
    url = {https://www.ncbi.nlm.nih.gov/pmc/articles/PMC6793230/}
}

@online{url8275097e,
    url = {https://pubmed.ncbi.nlm.nih.gov/2886550/}
}

@online{url718e89c5,
    url = {https://pubmed.ncbi.nlm.nih.gov/8101215/}
}

@online{url20e551e9,
    url = {https://en.wikipedia.org/wiki/Monoamine_oxidase_B}
}

@online{urlbbb9f6a2,
    url = {https://pubmed.ncbi.nlm.nih.gov/37653043/}
}

@online{urlc0b30986,
    url = {https://www.ibs.re.kr/cop/bbs/BBSMSTR_000000000738/selectBoardArticle.do?nttId=23173&pageIndex=1&searchCnd=&searchWrd=}
}

@online{url23e893b0,
    url = {https://en.wikipedia.org/wiki/Selegiline}
}

@online{url619ac89a,
    url = {https://www.sciencedirect.com/science/article/abs/pii/S0022480402964632}
}

@online{url10c9d484,
    url = {https://www.biorxiv.org/content/10.1101/2021.11.07.467613v3.full.pdf}
}

@online{url2d6d9e36,
    url = {https://www.thailandmedical.news/news/sars-cov-2-spike-glycoprotein-interacts-with-monoamine-oxidase-b-and-impairs-mitochondrial-energetics-causing-neurodegenerative-issues}
}

@online{url108da7de,
    url = {https://pubmed.ncbi.nlm.nih.gov/34673574/}
}

@online{url03f76a5f,
    url = {https://pubmed.ncbi.nlm.nih.gov/26610562/}
}

@online{url03d23ff8,
    url = {https://www.ncbi.nlm.nih.gov/pmc/articles/PMC5629701/}
}

@online{url105bf730,
    url = {https://www.precisionnutrition.com/precision-nutrition-coaching}
}

@online{url7e820d57,
    url = {https://www.precisionnutrition.com/eat-slower-eat-less}
}

@online{url995df48d,
    url = {https://www.precisionnutrition.com/all-about-appetite-2}
}

@online{url8abe1644,
    url = {https://www.precisionnutrition.com/good-stress-bad-stress}
}

@online{url0450ec7f,
    url = {https://pubmed.ncbi.nlm.nih.gov/36822098/}
}

@online{url47707848,
    url = {https://www.ncbi.nlm.nih.gov/pmc/articles/PMC10675427/}
}

@online{urld1da8bec,
    url = {https://en.wikipedia.org/wiki/Mevalonic_acid}
}

@online{url65e5c1ef,
    url = {https://pubmed.ncbi.nlm.nih.gov/29427042/}
}

@online{url74de132d,
    url = {https://doi.org/10.1586/17512433.2015.1011125}
}

@online{urlc43cdbcf,
    url = {https://pubmed.ncbi.nlm.nih.gov/21603349/}
}

@online{urlcb1ba574,
    url = {https://doi.org/10.1016/j.bpj.2022.07.029}
}

@online{urlb477bdaa,
    url = {https://doi.org/10.1002/biof.5520250116}
}

@online{url328d758d,
    url = {https://pubmed.ncbi.nlm.nih.gov/32549853}
}

@online{url328f928a,
    url = {https://doi.org/10.1002/kjm2.12373}
}

@online{urldebcc6ab,
    url = {https://pubmed.ncbi.nlm.nih.gov/31996022/}
}

@online{urlcc64b92c,
    url = {https://www.zerohedge.com/medical/long-term-use-statins-linked-heart-disease-studies}
}

@online{url115a6fba,
    url = {https://en.wikipedia.org/wiki/Atherosclerosis}
}

@online{urlb66fbebc,
    url = {https://en.wikipedia.org/wiki/Coronary_artery_disease}
}

@online{url3d2c5863,
    url = {https://en.wikipedia.org/wiki/Stroke}
}

@online{urlca8f2b24,
    url = {https://en.wikipedia.org/wiki/Atheromatous_plaques}
}

@online{url42546df3,
    url = {https://en.wikipedia.org/wiki/Tunica_intima}
}

@online{urldb9db17e,
    url = {https://en.wikipedia.org/wiki/Steatohepatitis}
}

@online{url4065da65,
    url = {https://en.wikipedia.org/wiki/Cardiovascular_disease}
}

@online{url981a57f0,
    url = {https://en.wikipedia.org/wiki/Oxidative_stress}
}

@online{url0ea89515,
    url = {https://upload.wikimedia.org/wikipedia/commons/1/17/HMG-CoA_reductase_pathway.svg}
}

@online{url52e0eb09,
    url = {https://en.wikipedia.org/wiki/Esterified}
}

@online{urlaab68763,
    url = {https://en.wikipedia.org/wiki/Cholesterol}
}

@online{url152c18d4,
    url = {https://en.wikipedia.org/wiki/Phospholipids}
}

@online{urlfe3193bb,
    url = {https://en.wikipedia.org/wiki/Atheroma}
}

@online{url63064661,
    url = {https://timesofindia.indiatimes.com/life-style/health-fitness/fitness/why-thigh-gap-is-so-important-to-women/articleshow/22091648.cms}
}

@online{urlcbbcd6fe,
    url = {https://raypeatforum.com/community/attachments/59437/}
}

@online{url496d8f96,
    url = {https://raypeatforum.com/community/attachments/59438/}
}

@online{url482da0b6,
    url = {https://raypeatforum.com/community/attachments/59469/}
}

@online{url0d3bdab5,
    url = {https://en.wikipedia.org/wiki/Black_Fast}
}

@online{urldea60e8a,
    url = {https://raypeatforum.com/community/threads/do-entheogen-induced-mystical-experiences-boost-the-immune-system-psychedelics-peak-experiences.23660/}
}

@online{urlac599bc0,
    url = {https://pubmed.ncbi.nlm.nih.gov/29951411}
}

@online{url49d88ad3,
    url = {https://www.theatlantic.com/magazine/archive/2023/05/ice-cream-bad-for-you-health-study/673487/}
}

@online{url4b670384,
    url = {https://www.deseret.com/23683767/ice-cream-health-benefits}
}

@online{urlc2e209ed,
    url = {https://en.wikipedia.org/wiki/Pentadecylic_acid}
}

@online{url83b5af68,
    url = {https://en.wikipedia.org/wiki/Margaric_acid}
}

@online{url71469927,
    url = {https://doi.org/10.1111/j.1468-2494.1993.tb00592.x}
}

@online{url2a6de54b,
    url = {https://doi.org/10.3945/an.115.011387}
}

@online{urle05f1f2f,
    url = {https://pubmed.ncbi.nlm.nih.gov/32424181/}
}

@online{url8668a1c0,
    url = {https://pubmed.ncbi.nlm.nih.gov/35617322}
}

@online{url92fe84d8,
    url = {https://doi.org/10.3390/nu15214607}
}

@online{urlc96425f5,
    url = {https://pubmed.ncbi.nlm.nih.gov/26200116/}
}

@online{url992a7a4e,
    url = {https://www.sciencedaily.com/releases/2015/07/150722144627.htm}
}

@online{urle15c43fe,
    url = {https://www.google.com/search?q=desferoxamine+cancer}
}

@online{urlb464f533,
    url = {https://pubmed.ncbi.nlm.nih.gov/36034869}
}

@online{url62dbc959,
    url = {https://www.ncbi.nlm.nih.gov/pmc/articles/PMC9403308/}
}

@online{url3a4521a2,
    url = {https://pubmed.ncbi.nlm.nih.gov/13269382/}
}

@online{url1dbf46c1,
    url = {https://pubmed.ncbi.nlm.nih.gov/34332011/}
}

@online{url3c77fc30,
    url = {https://fatty15.com/}
}

@online{urla9483a57,
    url = {https://doi.org/10.1016/S2213-8587(14)70146-9}
}

@online{url6c3f41d4,
    url = {https://pubmed.ncbi.nlm.nih.gov/36699724}
}

@online{url1864f6be,
    url = {https://pubmed.ncbi.nlm.nih.gov/25647578/}
}

@online{url8bfa6db9,
    url = {https://pubmed.ncbi.nlm.nih.gov/29540275/}
}

@online{url5caa2165,
    url = {https://pubmed.ncbi.nlm.nih.gov/28465289/}
}

@online{urlc6ff9996,
    url = {https://pubmed.ncbi.nlm.nih.gov/21779090/}
}

@online{urlf03e7caa,
    url = {https://pubmed.ncbi.nlm.nih.gov/29244873/}
}

@online{url089921af,
    url = {https://pubmed.ncbi.nlm.nih.gov/28552966/}
}

@online{url6d19e925,
    url = {https://pubmed.ncbi.nlm.nih.gov/20484449/}
}

@online{urlb045b22d,
    url = {https://pubmed.ncbi.nlm.nih.gov/34547017/}
}

@online{url279edab8,
    url = {https://pubmed.ncbi.nlm.nih.gov/30887402/}
}

@online{url98af3c3f,
    url = {https://pubmed.ncbi.nlm.nih.gov/18042359/}
}

@online{urlc1b2a7e0,
    url = {https://pubmed.ncbi.nlm.nih.gov/15035691/}
}

@online{url00a838e2,
    url = {https://pubmed.ncbi.nlm.nih.gov/33650014/}
}

@online{url7893d0f6,
    url = {https://pubmed.ncbi.nlm.nih.gov/14841191/}
}

@online{url295a314f,
    url = {https://pubmed.ncbi.nlm.nih.gov/18469284/}
}

@online{url593b816a,
    url = {https://doi.org/10.1111/acel.13645}
}

@online{urlac0cec0c,
    url = {https://doi.org/10.1021/np50103a002}
}

@online{urld06567fe,
    url = {https://doi.org/10.1016/j.bmcl.2022.128881}
}

@online{url7d78f705,
    url = {http://dx.doi.org/10.1111/j.1468-2494.1993.tb00592.x}
}

@online{urlc9ec0c37,
    url = {https://www.koreamed.org/SearchBasic.php?RID=2014463}
}

@online{urledaac6c7,
    url = {https://pubmed.ncbi.nlm.nih.gov/26840268}
}

@online{urlc20bc852,
    url = {https://pubmed.ncbi.nlm.nih.gov/37386075/}
}

@online{url8db2b261,
    url = {https://pubmed.ncbi.nlm.nih.gov/36232636/}
}

@online{urldc0d3186,
    url = {https://pubmed.ncbi.nlm.nih.gov/32503225/}
}

@online{urlc089edda,
    url = {https://pubmed.ncbi.nlm.nih.gov/30698031/}
}

@online{urla42b0a48,
    url = {https://pubmed.ncbi.nlm.nih.gov/33965456/}
}

@online{url3a0c805c,
    url = {https://pubmed.ncbi.nlm.nih.gov/33613155/}
}

@online{url75dcffcb,
    url = {https://pubmed.ncbi.nlm.nih.gov/36699724/}
}

@online{url9a3a4c75,
    url = {https://pubmed.ncbi.nlm.nih.gov/34563667/}
}

@online{url016cd4b0,
    url = {https://pubmed.ncbi.nlm.nih.gov/33399331/}
}

@online{url1aa89870,
    url = {https://pubmed.ncbi.nlm.nih.gov/227923/}
}

@online{url516fd04b,
    url = {https://pubmed.ncbi.nlm.nih.gov/25411288/}
}

@online{url9833c517,
    url = {https://pubmed.ncbi.nlm.nih.gov/8730747/}
}

@online{url6d919618,
    url = {https://pubmed.ncbi.nlm.nih.gov/9925119/}
}

@online{urlc6c7554b,
    url = {https://pubmed.ncbi.nlm.nih.gov/21796302/}
}

@online{urle115a0d7,
    url = {https://pubmed.ncbi.nlm.nih.gov/23704475/}
}

@online{url5c076c3f,
    url = {https://pubmed.ncbi.nlm.nih.gov/33631767/}
}

@online{urldedd41cd,
    url = {https://pubmed.ncbi.nlm.nih.gov/36771436/}
}

@online{urld80e56d8,
    url = {https://pubmed.ncbi.nlm.nih.gov/31002344/}
}

@online{url9d190c87,
    url = {https://pubmed.ncbi.nlm.nih.gov/37466104/}
}

@online{url7506c499,
    url = {https://pubmed.ncbi.nlm.nih.gov/30110135/}
}

@online{url0e43bca1,
    url = {https://pubmed.ncbi.nlm.nih.gov/36716276/}
}

@online{url5eb26f7d,
    url = {https://pubmed.ncbi.nlm.nih.gov/30007304/}
}

@online{url22eaaaed,
    url = {https://pubmed.ncbi.nlm.nih.gov/35616739/}
}

@online{url71b9b41d,
    url = {https://pubmed.ncbi.nlm.nih.gov/29903041/}
}

@online{urlceabb95f,
    url = {https://www.mysciencework.com/patent/read/compositions-comprising-heptadecanoic-acid-treatment-inflammation-related-conditions-EP4234038A3/EP4234038A3}
}

@online{urleb0b5ee5,
    url = {https://www.npr.org/sections/thesalt/2016/04/18/474403311/the-full-fat-paradox-dairy-fat-linked-to-lower-diabetes-risk}
}

@online{url3d237967,
    url = {https://doi.org/10.11340/skinresearch1959.37.800}
}

@online{url2f8ca40a,
    url = {https://www.mdpi.com/2072-6643/15/21/4607}
}