@online{url1,
    url = {https://pubmed.ncbi.nlm.nih.gov/38378043/}
}

@online{url2,
    url = {https://www.news-medical.net/news/20240222/Red-light-exposure-mitigates-blood-glucose-spikes-after-meals.aspx}
}

@online{url3,
    url = {https://sauna.space/pages/photon-therapy}
}

@online{url4,
    url = {http://dx.doi.org/10.1038/s41398-023-02648-3}
}

@online{url5,
    url = {https://www.eurekalert.org/news-releases/1032657}
}

@online{url6,
    url = {https://www.nature.com/articles/s41398-023-02648-3}
}

@online{url7,
    url = {https://news.harvard.edu/gazette/story/2023/05/estrogen-a-more-powerful-breast-cancer-culprit-than-we-realized/}
}

@online{url8,
    url = {https://www.accessdata.fda.gov/drugsatfda_docs/label/1999/20908lbl.pdf}
}

@online{url9,
    url = {https://www.cancer.gov/types/uterine/hp/endometrial-prevention-pdq}
}

@online{url10,
    url = {https://corporate.dukehealth.org/news/link-between-melanoma-and-estrogen-could-lead-new-therapeutic-approach}
}

@online{url11,
    url = {https://www.cancernetwork.com/view/estrogen-may-play-role-melanoma-recurrence}
}

@online{url12,
    url = {https://www.nbcnews.com/health/health-news/estrogen-hikes-ovarian-cancer-risk-flna1c9478751}
}

@online{url13,
    url = {https://www.eurekalert.org/news-releases/612092}
}

@online{url14,
    url = {https://www.news-medical.net/news/20200117/Estrogen-plays-a-role-in-expansion-of-liver-metastases-in-non-sex-specific-cancers.aspx}
}

@online{url15,
    url = {https://raypeatforum.com/community/threads/even-non-carcinogenic-estrogens-can-cause-cancer.39381/}
}

@online{url16,
    url = {http://haidut.me/?p=719}
}

@online{url17,
    url = {https://www.frontiersin.org/articles/10.3389/fendo.2022.703733/full}
}

@online{url18,
    url = {https://academic.oup.com/edrv/article/21/1/40/2423794}
}

@online{url19,
    url = {https://pubmed.ncbi.nlm.nih.gov/18756632/}
}

@online{url20,
    url = {https://pubmed.ncbi.nlm.nih.gov/10963620/}
}

@online{url21,
    url = {https://pubmed.ncbi.nlm.nih.gov/15699322/}
}

@online{url22,
    url = {https://www.ncbi.nlm.nih.gov/pmc/articles/PMC2914219/}
}

@online{url23,
    url = {https://www.sciencedirect.com/science/article/abs/pii/S0006291X23004102}
}

@online{url24,
    url = {https://pubmed.ncbi.nlm.nih.gov/14630087/}
}

@online{url25,
    url = {https://pubmed.ncbi.nlm.nih.gov/24170413/}
}

@online{url26,
    url = {https://pubmed.ncbi.nlm.nih.gov/9855022/}
}

@online{url27,
    url = {https://aacrjournals.org/cancerres/article/43/10/4638/487139/Inhibition-of-Estrogen-induced-Renal-Carcinoma-in}
}

@online{url28,
    url = {https://ovarianresearch.biomedcentral.com/articles/10.1186/s13048-020-00621-y}
}

@online{url29,
    url = {https://ehjournal.biomedcentral.com/articles/10.1186/1476-069X-11-S1-S8}
}

@online{url30,
    url = {https://europepmc.org/article/PMC/5739773}
}

@online{url31,
    url = {https://erc.bioscientifica.com/view/journals/erc/15/2/475.xml}
}

@online{url32,
    url = {https://translational-medicine.biomedcentral.com/articles/10.1186/s12967-019-2056-3}
}

@online{url33,
    url = {https://europepmc.org/article/med/23011535}
}

@online{url34,
    url = {https://academic.oup.com/jcem/article/84/6/2080/2864679}
}

@online{url35,
    url = {https://www.ahajournals.org/doi/full/10.1161/01.ATV.21.1.6}
}

@online{url36,
    url = {https://www.por-journal.com/articles/10.3389/pore.2021.622733/full}
}

@online{url37,
    url = {https://ascopubs.org/doi/abs/10.1200/JCO.2018.36.4_suppl.85}
}

@online{url38,
    url = {https://academic.oup.com/jnci/article/96/6/466/2606744}
}

@online{url39,
    url = {https://www.cochranelibrary.com/cdsr/doi/10.1002/14651858.CD014869/epdf/full}
}

@online{url40,
    url = {https://ehp.niehs.nih.gov/doi/10.1289/ehp13233}
}

@online{url41,
    url = {https://www.ehn.org/breast-cancer-chemicals-2666906815.html}
}

@online{url42,
    url = {https://jamanetwork.com/journals/jamanetworkopen/fullarticle/2808381?utm_source=For_The_Media\&utm_medium=referral\&utm_campaign=ftm_links\&utm_term=081623}
}

@online{url43,
    url = {https://www.ehn.org/environmental-causes-of-breast-cancer-2665984732.html}
}

@online{url44,
    url = {https://onlinelibrary.wiley.com/doi/10.1002/ijc.32738}
}

@online{url45,
    url = {https://lowtoxinforum.com/members/570/}
}

@online{url46,
    url = {https://www.motherjones.com/environment/2014/03/tritan-certichem-eastman-bpa-free-plastic-safe/}
}

@online{url47,
    url = {https://pubmed.ncbi.nlm.nih.gov/22343188/}
}

@online{url48,
    url = {https://www.natap.org/2023/AASLD/AASLD_100.htm}
}

@online{url49,
    url = {https://www.medscape.com/viewarticle/998550}
}

@online{url50,
    url = {https://emedicine.medscape.com/article/185856-overview}
}

@online{url51,
    url = {https://reference.medscape.com/drug/zorprin-bayer-buffered-aspirin-343279}
}

@online{url52,
    url = {https://www.clinicaltrials.gov/study/NCT04031729?term=low-dose\%20aspirin\%20NAFLD\&rank=1}
}

@online{url53,
    url = {https://pubmed.ncbi.nlm.nih.gov/?term=Altman+JD\&cauthor_id=8425302}
}

@online{url54,
    url = {https://pubmed.ncbi.nlm.nih.gov/8425302/\#full-view-affiliation-1}
}

@online{url55,
    url = {https://pubmed.ncbi.nlm.nih.gov/?term=Dulas+D\&cauthor_id=8425302}
}

@online{url56,
    url = {https://pubmed.ncbi.nlm.nih.gov/?term=Pavek+T\&cauthor_id=8425302}
}

@online{url57,
    url = {https://pubmed.ncbi.nlm.nih.gov/?term=Bache+RJ\&cauthor_id=8425302}
}

@online{url58,
    url = {https://doi.org/10.1161/01.cir.87.2.583}
}

@online{url59,
    url = {https://x.com/outdoctrination/status/1760672413006831904?s=46\&t=E3_LWPyNjP4K3Vyshs060w}
}

@online{url60,
    url = {https://lowtoxinforum.com/members/7916/}
}

@online{url61,
    url = {https://jamanetwork.com/journals/jamanetworkopen/fullarticle/2812773}
}

@online{url62,
    url = {https://www.healthline.com/health-news/aspirin-may-help-stop-aortic-aneurysm-from-growing}
}

@online{url63,
    url = {https://www.healthline.com/health/abdominal-aortic-aneurysm}
}

@online{url64,
    url = {https://jamanetwork.com/journals/jamanetworkopen/fullarticle/2812773?utm_campaign=articlePDF\&utm_medium=articlePDFlink\&utm_source=articlePDF\&utm_content=jamanetworkopen.2023.47296}
}

@online{url65,
    url = {https://pubmed.ncbi.nlm.nih.gov/34867530}
}

@online{url66,
    url = {https://doi.org/10.1016/j.xcrm.2023.101265}
}

@online{url67,
    url = {https://www.newscientist.com/article/2401405-a-type-of-vitamin-b3-might-treat-chronic-pain-related-to-inflammation/}
}

@online{url68,
    url = {https://ods.od.nih.gov/factsheets/Niacin-HealthProfessional/}
}

@online{url69,
    url = {https://doi.org/10.1007/s00125-023-06078-0}
}

@online{url70,
    url = {https://medicaldialogues.in/nephrology/news/canagliflozin-improves-diabetic-kidney-disease-by-inducing-fasting-like-and-aestivation-like-metabolic-patterns-study-124801}
}

@online{url71,
    url = {https://dx.doi.org/10.1038/s41467-024-45734-w}
}

@online{url72,
    url = {https://www.nature.com/articles/s41467-024-45734-w\#ref-CR7}
}

@online{url73,
    url = {https://www.nature.com/articles/s41467-024-45734-w\#ref-CR9}
}

@online{url74,
    url = {https://www.nature.com/articles/s41467-024-45734-w\#ref-CR10}
}

@online{url75,
    url = {https://www.nature.com/articles/s41467-024-45734-w\#ref-CR11}
}

@online{url76,
    url = {https://www.nature.com/articles/s41467-024-45734-w\#ref-CR12}
}

@online{url77,
    url = {https://www.nature.com/articles/s41467-024-45734-w\#ref-CR13}
}

@online{url78,
    url = {https://www.nature.com/articles/s41467-024-45734-w\#ref-CR26}
}

@online{url79,
    url = {https://www.nature.com/articles/s41467-024-45734-w\#ref-CR30}
}

@online{url80,
    url = {https://www.nature.com/articles/s41467-024-45734-w\#ref-CR31}
}

@online{url81,
    url = {https://www.nature.com/articles/s41467-024-45734-w\#ref-CR42}
}

@online{url82,
    url = {https://www.nature.com/articles/s41467-024-45734-w\#ref-CR8}
}

@online{url83,
    url = {https://www.dailymail.co.uk/health/article-13092429/Antidepressants-taken-400-000-pregnant-women-year-damage-babys-brain-womb-increase-risk-mental-health-problems-future-study-suggests.html}
}

@online{url84,
    url = {https://www.dailymail.co.uk/health/article-12409519/chemically-castrated-patient-warns-against-SSRI.html}
}

@online{url85,
    url = {https://www.dailymail.co.uk/news/colorado/index.html}
}

@online{url86,
    url = {https://doi.org/10.1016/j.ebiom.2023.104877}
}

@online{url87,
    url = {https://www.news-medical.net/news/20231121/Breakthrough-in-HIV-treatment-NMN-shows-promise-in-reducing-CD42b-T-cell-activation.aspx}
}

@online{url88,
    url = {https://www.news-medical.net/health/What-is-an-Antigen.aspx}
}

@online{url89,
    url = {https://doi.org/10.1007/s12603-023-1967-0}
}

@online{url90,
    url = {https://www.sciencedirect.com/science/article/pii/S1279770723000052?via\%3Dihub\#Tab2}
}

@online{url91,
    url = {https://www.sciencedirect.com/science/article/pii/S1279770723000052?via\%3Dihub\#fig1}
}

@online{url92,
    url = {https://www.sciencedirect.com/science/article/pii/S1279770723000052?via\%3Dihub\#fig2}
}

@online{url93,
    url = {https://www.sciencedirect.com/science/article/pii/S1279770723000052?via\%3Dihub\#bib22}
}

@online{url94,
    url = {https://www.sciencedirect.com/science/article/pii/S1279770723000052?via\%3Dihub\#bib23}
}

@online{url95,
    url = {https://www.sciencedirect.com/science/article/pii/S1279770723000052?via\%3Dihub\#bib24}
}

@online{url96,
    url = {https://www.sciencedirect.com/science/article/pii/S1279770723000052?via\%3Dihub\#bib25}
}

@online{url97,
    url = {https://www.sciencedirect.com/science/article/pii/S1279770723000052?via\%3Dihub\#bib26}
}

@online{url98,
    url = {https://www.sciencedirect.com/science/article/pii/S1279770723000052?via\%3Dihub\#bib27}
}

@online{url99,
    url = {https://www.sciencedirect.com/science/article/pii/S1279770723000052?via\%3Dihub\#bib28}
}

@online{url100,
    url = {https://www.sciencedirect.com/science/article/pii/S1279770723000052?via\%3Dihub\#bib29}
}

@online{url101,
    url = {https://www.sciencedirect.com/science/article/pii/S1279770723000052?via\%3Dihub\#bib30}
}

@online{url102,
    url = {https://www.sciencedirect.com/science/article/pii/S1279770723000052?via\%3Dihub\#bib31}
}

@online{url103,
    url = {http://haidut.me/wp-content/uploads/2024/12/PL24-0935_24DEC24.xlsx}
}

@online{url104,
    url = {https://www.youtube.com/watch?v=Ox-F05s1N40\&t=414s}
}

@online{url105,
    url = {https://pubmed.ncbi.nlm.nih.gov/34540977}
}

@online{url106,
    url = {https://www.ncbi.nlm.nih.gov/pmc/articles/PMC8409191/\#B7}
}

@online{url107,
    url = {https://www.ncbi.nlm.nih.gov/pmc/articles/PMC8409191/figure/F1/}
}

@online{url108,
    url = {https://raypeatforum.com/community/threads/tocovit-liquid-vitamin-e-from-wheat-germ-oil.10929/post-382208}
}

@online{url109,
    url = {https://healthnatura.com/aspirin-powder-usp-60g/}
}

@online{url110,
    url = {https://raypeatforum.com/community/threads/good-vitamin-e-resources-from-the-past-being-cancelled-can-we-have-a-repository-here.42099/post-707762}
}

@online{url111,
    url = {https://www.amazon.com/365-Everyday-Value-Aspirin-325mg/dp/B07G2DJ5VK?tag=rapef020-20}
}

@online{url112,
    url = {https://pubmed.ncbi.nlm.nih.gov/27589059}
}

@online{url113,
    url = {https://doi.org/10.1177/0271678X231224502}
}

@online{url114,
    url = {https://www.ajmc.com/view/mitochondrial-dysfunction-linked-to-ms-further-studies-needed-on-metabolic-impact}
}

@online{url115,
    url = {https://www.ajmc.com/compendium/multiple-sclerosis}
}

@online{url116,
    url = {https://journals.sagepub.com/doi/10.1177/0271678X231224502}
}

@online{url117,
    url = {https://www.sciencedirect.com/science/article/pii/S0361923023001041}
}

@online{url118,
    url = {https://www.sciencedirect.com/science/article/pii/S0301008213000531}
}

@online{url119,
    url = {https://pubmed.ncbi.nlm.nih.gov/35730361/}
}

@online{url120,
    url = {http://orthomolecular.org/library/jom/1971/pdf/1971-v03n01-p002.pdf}
}

@online{url121,
    url = {https://x.com/MirrorManStanly/status/1483654154077810689?t=IZmeq26tTNuPHXSaArOrfg\&s=19}
}

@online{url122,
    url = {https://www.nature.com/articles/s41467-023-43514-6}
}

@online{url123,
    url = {http://www.clincaltrials.gov/}
}

@online{url124,
    url = {https://www.nature.com/articles/s41467-023-43514-6\#ref-CR18}
}

@online{url125,
    url = {https://www.nature.com/articles/s41467-023-43514-6\#ref-CR26}
}

@online{url126,
    url = {https://www.nature.com/articles/s41467-023-43514-6\#ref-CR28}
}

@online{url127,
    url = {https://www.nature.com/articles/s41467-023-43514-6\#ref-CR33}
}

@online{url128,
    url = {https://www.nature.com/articles/s41467-023-43514-6\#ref-CR35}
}

@online{url129,
    url = {https://www.nature.com/articles/s41467-023-43514-6\#ref-CR36}
}

@online{url130,
    url = {https://www.nature.com/articles/s41467-023-43514-6\#ref-CR43}
}

@online{url131,
    url = {https://www.nature.com/articles/s41467-023-43514-6\#ref-CR44}
}

@online{url132,
    url = {https://www.nature.com/articles/s41467-023-43514-6\#ref-CR45}
}

@online{url133,
    url = {https://www.nature.com/articles/s41467-023-43514-6\#ref-CR46}
}

@online{url134,
    url = {https://www.nature.com/articles/s41467-023-43514-6\#ref-CR47}
}

@online{url135,
    url = {https://www.sunday.fr/complexe-vitamines-b-bioactif-sensitive.html?_gl=1*iwc4ym*_up*MQ..\&gclid=EAIaIQobChMIvseI1PO8hAMVxlJBAh0DqQjqEAAYASAAEgIzYPD_BwE}
}

@online{url136,
    url = {https://onlinelibrary.wiley.com/doi/10.1111/jnc.14599}
}

@online{url137,
    url = {https://lowtoxinforum.com/members/1118/}
}

@online{url138,
    url = {https://www.nature.com/articles/s41586-023-06857-0}
}

@online{url139,
    url = {https://www.nature.com/articles/s41586-023-06857-0\#ref-CR1}
}

@online{url140,
    url = {https://www.nature.com/articles/s41586-023-06857-0\#ref-CR2}
}

@online{url141,
    url = {https://www.nature.com/articles/s41586-023-06857-0\#ref-CR3}
}

@online{url142,
    url = {https://www.nature.com/articles/s41586-023-06857-0\#ref-CR4}
}

@online{url143,
    url = {https://www.eurekalert.org/news-releases/1029637}
}

@online{url144,
    url = {https://www.mdpi.com/2072-6643/16/3/391}
}

@online{url145,
    url = {https://www.news-medical.net/news/20240131/New-study-recommends-2000-IU-daily-vitamin-D-supplementation.aspx}
}

@online{url146,
    url = {https://pubmed.ncbi.nlm.nih.gov/21310306/}
}

@online{url147,
    url = {https://ods.od.nih.gov/factsheets/VitaminD-HealthProfessional/}
}

@online{url148,
    url = {https://www.ncbi.nlm.nih.gov/pmc/articles/PMC6319684/}
}

@online{url149,
    url = {https://twitter.com/NutriDetect/status/1738673716312277267}
}

@online{url150,
    url = {https://twitter.com/DrSteveGoeddeke/status/1743982235542294766}
}

@online{url151,
    url = {https://twitter.com/BertarelliGina/status/1742765003533684928}
}

@online{url152,
    url = {https://www.youtube.com/watch?v=r7P4AEn13lc\&t=1s}
}

@online{url153,
    url = {https://nutritionrestored.com/blog-forum/topic/natural-endogenous-vitamin-d-effects-are-antagonized-inhibited-interfered-with-by-poison-vitamin-a/\#postid-560}
}

@online{url154,
    url = {https://www.youtube.com/watch?v=QJ7936QkPg4}
}

@online{url155,
    url = {https://www.coimbraprotocol.com/testimonials-1}
}

@online{url156,
    url = {https://raypeatforum.com/community/threads/fibromyalgia-rheumatoid-arthritis-is-copper-toxicity.52463/}
}

@online{url157,
    url = {https://twitter.com/NutriDetect/status/1641465148471738369?s=20}
}

@online{url158,
    url = {https://x.com/NutriDetect/status/1759934192874668203?s=20}
}

@online{url159,
    url = {https://twitter.com/NutriDetect/status/1759932805126230221}
}

@online{url160,
    url = {https://twitter.com/NutriDetect/status/1759971656238326132}
}

@online{url161,
    url = {https://www.sciencedirect.com/science/article/abs/pii/S0024320520304811?via\%3Dihub}
}

@online{url162,
    url = {https://aacijournal.biomedcentral.com/articles/10.1186/1710-1492-5-8\#ref-CR1}
}

@online{url163,
    url = {https://aacijournal.biomedcentral.com/articles/10.1186/1710-1492-5-8}
}

@online{url164,
    url = {https://goop.com/wellness/health/vitamin-d/}
}

@online{url165,
    url = {https://www.doctoroz.com/video-series/vitamin-d-checklist?video_id=3939016272001}
}

@online{url166,
    url = {http://www.oprah.com/health/why-knowing-your-vitamin-d-levels-might-save-your-life/all}
}

@online{url167,
    url = {https://www.nytimes.com/2018/08/18/business/vitamin-d-michael-holick.html}
}

@online{url168,
    url = {https://www.ncbi.nlm.nih.gov/pmc/articles/PMC7487184/}
}

@online{url169,
    url = {https://pubmed.ncbi.nlm.nih.gov/33170239/}
}

@online{url170,
    url = {https://www.srf.ch/wissen/gesundheit/ernuechternde-studienergebnisse-vitamin-d-in-der-kritik-ein-wundermittel-verliert-seinen-zauber}
}

@online{url171,
    url = {https://onlinelibrary.wiley.com/doi/abs/10.1002/mnfr.201801014}
}

@online{url172,
    url = {https://www.thelancet.com/journals/langlo/article/PIIS2214-109X(19)30492-9/fulltext}
}

@online{url173,
    url = {https://www.sciencedirect.com/science/article/pii/S2665944122000190\#bib22}
}

@online{url174,
    url = {https://www.sciencedirect.com/topics/biochemistry-genetics-and-molecular-biology/postmenopause}
}

@online{url175,
    url = {https://www.sciencedirect.com/science/article/pii/S2665944122000190\#bib59}
}

@online{url176,
    url = {https://www.sciencedirect.com/science/article/pii/S2665944122000190\#bib55}
}

@online{url177,
    url = {https://www.sciencedirect.com/science/article/pii/S2665944122000190}
}

@online{url178,
    url = {https://www.ncbi.nlm.nih.gov/pmc/articles/PMC6692705/}
}

@online{url179,
    url = {https://en.wikipedia.org/wiki/4-Hydroxynonenal}
}

@online{url180,
    url = {https://doi.org/10.1093/eurheartj/ehad662}
}

@online{url181,
    url = {https://newatlas.com/medical/drug-reverse-mitochondria-malfunction-mitigate-heart-failure/}
}

@online{url182,
    url = {https://pubmed.ncbi.nlm.nih.gov/33805825/}
}

@online{url183,
    url = {https://www.clinicaltrialsarena.com/news/mindmed-trial-anxiety-disorder/}
}

@online{url184,
    url = {https://cannadelics.com/2024/01/31/lsd-effective-in-treating-anxiety-phase-ii-clinical-trial-shows/}
}

@online{url185,
    url = {https://www.medicalnewstoday.com/articles/lsd-effective-treating-anxiety-clinical-trial}
}

@online{url186,
    url = {https://www.proquest.com/docview/2418147896}
}

@online{url187,
    url = {https://www.cambridge.org/core/journals/the-british-journal-of-psychiatry/article/abs/cyproheptadine-treatment-in-neurolepticinduced-akathisia/00C24391B9E098C45E9AC11EC69E9EA5}
}

@online{url188,
    url = {https://www.thecrimson.com/article/2021/4/23/mgh-launches-psychedelics-research-center/}
}

@online{url189,
    url = {https://en.wikipedia.org/wiki/Serotonin_transporter}
}

@online{url190,
    url = {https://www.upi.com/Health_News/2023/12/11/brain-serotonin-dementia/8551702305108/}
}

@online{url191,
    url = {https://content.iospress.com/articles/journal-of-alzheimers-disease/jad230570}
}

@online{url192,
    url = {https://www.upi.com/topic/Alzheimer_s_Disease/}
}

@online{url193,
    url = {https://neurosciencenews.com/serotonin-mci-25332/}
}

@online{url194,
    url = {https://pubmed.ncbi.nlm.nih.gov/31628941/}
}